2728 4816
150 519 155 534 ,
265 465 686 556 ammoniacam
710 474 882 550 Aonia
988 441 1075 586 287'

92 681 191 750 canda
208 683 337 752 arabica
358 682 548 773 plantarum
565 693 706 754 nomina
721 648 955 778 utipoffimue·
1008 693 1063 764 Sl·
1179 697 1182 706 '
1238 679 1243 688 ’

90 825 166 870 mon
200 801 366 870 lanuenfis
402 802 528 894 Algam
557 805 743 898 'palustrem
777 825 879 878 vocat
909 813 1061 886 Nenufar

12 1013 13 1022 ἵ
88 919 371 1012 (Nymphaeum)
396 939 430 992 et
453 926 519 1020 alio
541 934 682 994 nomine
704 927 892 998 Caccabum
915 933 1063 1006 Veneria

12 1091 14 1122 ,
90 1057 120 1108 et
127 1040 275 1133 Papaver
291 1043 447 1133 palustre.
480 1043 604 1114 Noster
619 1053 764 1138 ingenue
779 1049 924 1129 fatetur,
945 1096 963 1133 ,‚
974 1053 1062 1124 Ara·

12 1233 13 1236 ,
88 1165 173 1244 „bes
199 1186 268 1230 non
292 1153 438 1250 muitum
465 1189 586 1234 curare
606 1172 641 1234 in
665 1169 824 1238 omnibus
846 1167 917 1238 istis
933 1169 1064 1256 herbiS,

87 1279 286 1372 „unumque
307 1309 374 1377 pro
397 1286 462 1353 olio
484 1309 635 1378 ponere,
660 1285 831 1356 fleasdem
849 1296 1063 1364 virtutesha·
1126 1340 1132 1348 -
1166 1339 1172 1348 -

86 1411 192 1488 „bere
217 1402 389 1476 οῐοάειιηα
423 1404 480 1489 (c.
506 1403 631 1486 122.)..
685 1408 757 1498 Ipse
783 1393 896 1480 tamen
920 1439 1063 1486 omnem

87 1551 224 1620 operam
248 1527 436 1618 impendit,
469 1541 508 1594 ut
532 1525 763 1596 confufionem
796 1538 918 1602 vitaret
936 1515 1064 1625 ¹perni-

86 1627 218 1718 ciosam.
271 1646 439 1742 Quaefivit
455 1651 497 1716 ab
512 1645 691 1735 Hispanis,
717 1648 890 1718 Arabibus
907 1669 940 1721 et
957 1655 1068 1726 Grae·

20 1777 24 1784 '
86 1775 152 1846 cis,
187 1791 350 1855 quaenam
376 1767 648 1878 intelligerentur
675 1769 807 1860 plantae
830 1773 888 1840 sub
912 1783 1065 1864 receptio

84 1891 280 1956 nominibus
306 1887 354 1970 (c.
373 1883 453 1956 ido.
474 1885 558 1958 521.
567 1883 597 1969 ).
620 1945 626 1960 ,
647 1891 915 1976 Neque'tamen,
940 1901 997 1982 qui
1011 1903 1062 1987 ip·
1122 1933 1126 1939 =

83 2009 114 2076 se
136 2021 271 2076 careret
290 2031 409 2078 aarum
435 2024 470 2077 et
490 2009 682 2100 linguarum
708 2017 925 2101 cognitione,
957 2015 1062 2084 finem

83 2131 176 2198 snum
191 2135 359 2220 attingere
373 2137 498 2220 potuit.

157 2251 375 2344 Agrifoiiom
385 2251 436 2334 (c.
452 2249 531 2332 αι.)
554 2269 744 2323 commutat
757 2277 836 2324 com
850 2255 941 2326 Loto
956 2255 1062 2328 Grae·

83 2401 227 2457 corum,
248 2375 351 2446 latine
366 2395 450 2442 vero
468 2375 537 2442 dici
554 2375 718 2464 Ciceraso.
769 2378 922 2446 Thoram
933 2376 1061 2452 habere
1099 2407 1104 2420 ¹

80 2497 185 2565 dores
210 2495 382 2564 violaceos
410 2509 445 2566 et
467 2491 662 2564 Aetherem
683 2493 867 2578 subrubeos
902 2495 950 2580 (c.
965 2493 1061 2581 45.)

80 2623 160 2712 Apio·
183 2619 369 2710 duodecim
391 2615 517 2708 species
539 2631 718 2704 numerat,
740 2623 833 2684 inter
856 2639 937 2705 quaa
950 2617 1063 2688 etih·

80 2739 249 2810 nunculus
264 2734 402 2806 rardous
425 2710 609 2826 (hirsaeus
624 2765 653 2805 c.
669 2731 729 2822 48.
740 2735 767 2820 ).
804 2738 978 2807 Caballum
993 2763 1065 2808 ma·

80 2869 198 2931 einum
219 2855 267 2942 (c.
282 2853 391 2946 117.)
415 2865 722 2950 invenirifnugatur
735 2867 772 2928 in
787 2858 981 2950 Ypotamo‚
1002 2861 1063 2932 flu·

80 2991 138 3054 vio
153 2977 440 3070 Mesopotamiae,
475 3003 558 3066 quae
573 2985 686 3048 media
700 2989 798 3074 regio
814 2979 852 3048 sit
863 2989 954 3052 inter
969 2979 1065 3050 Scir·

79 3107 146 3170 iim
164 3115 199 3168 et
213 3097 434 3188 Euphratem.
483 3095 752 3168 Tormentillam
767 3099 908 3166 differre
921 3102 1063 3170 arbitra·

80 3237 136 3288 tur
162 3221 283 3286 Simon
305 3241 324 3286 a
346 3219 604 3312 Quinquefolio‚
646 3223 739 3305 quod
763 3219 819 3286 illa
839 3217 961 3286 habeat
982 3217 1065 3288 folia

79 3323 239 3434 septena,
263 3341 423 3430 intelligit
435 3346 548 3426 itaque
564 3341 790 3413 Pota-millam
804 3343 946 3410 rectam.
997 3337 1063 3409 Mi·

79 3485 119 3528 re
145 3459 327 3528 confundit
350 3455 500 3548 (e.167.
523 3451 634 3540 168.)
657 3457 805 3539 Cissum,
831 3463 1008 3534 Hederam
1029 3479 1065 3534 et

78 3580 227 3648 Lablab:
252 3579 498 3668 Capriiolium,
523 3577 786 3678 Oxyacanthum
803 3599 838 3650 et
852 3583 997 3683 L'yoinm
1014 3583 1035 3668 (
1052 3633 1063 3655 .

83 3695 214 3792 259.):
245 3699 400 3768 lsaiidem
422 3715 456 3768 et
476 3699 621 3770 Rubiam
642 3707 831 3772 tinctorum
864 3704 913 3789 (o.
932 3701 1065 3784 366.):

80 3818 217 3888 inulam
233 3831 268 3886 et
282 3819 504 3911 Laserpitium
519 3819 722 3890 Chironium
749 3821 798 3906 (e.
814 3819 901 3913 375.
908 3818 938 3903 ).
1020 3877 1025 3888 ,

156 3941 307 4016 Meliora
325 3941 517 4036 pauciffima
537 3941 623 4012 snm.
670 3943 732 4012 Ad
748 3942 876 4015 Amaia
896 3941 1062 4034 oppidum
