2724 4820
74 517 215 592 nent
243 508 419 586 centn.
460 505 677 581 neuma.
694 475 931 582 arentur.
959 501 1034 580 ωε

77 711 246 798 liscelebr.
261 751 282 792 a
299 719 485 792 CoroloM.
502 719 646 807 instaur.
664 723 699 786 in
713 719 795 808 Opp
814 719 937 801 eumd·
951 717 987 788 P.
1003 739 1039 788 re

75 851 236 938 Rublepf.
253 845 539 934 bisbfirbolurum
552 843 585 930 p.
597 863 643 906 22
659 835 718 920 ἱ).
770 841 836 908 His
854 843 984 908 addidit
998 847 1036 908 iu

74 971 234 1062 capitulari
249 969 289 1034 ad
301 964 524 1033 Tlteotonam
540 961 654 1032 villam
669 961 748 1057 clato
762 985 839 1028 ann.
849 957 932 1032 805·
950 959 1037 1045 (Βα-
1122 1002 1127 1012 1

16 1134 21 1152 .
75 1099 135 1161 lue.
151 1087 293 1178 capital.
311 1105 386 1176 reg.
392 1085 510 1176 franc.
533 1105 568 1168 1,
596 1077 680 1170 295·
699 1083 753 1148 ed.
765 1083 890 1174 Vener.
909 1079 1039 1174 2772.)

61 1237 172 1282 ¹cartem
205 1209 464 1281 medicinalem,
505 1209 599 1270 cuius
633 1229 711 1270 cum
742 1213 924 1298 praecipua
956 1231 1037 1298 pars

72 1337 245 1402 herbarum
273 1335 424 1418 cognitio
450 1339 645 1414 putarem,
678 1349 698 1394 a
729 1298 905 1396 monachis
934 1339 1038 1400 etiarn

73 1458 185 1524 herbae
211 1453 374 1522 collectae
398 1449 550 1526 fuerunt,
585 1469 669 1534 quae
694 1445 753 1514 usu
774 1449 911 1520 medico
936 1455 1039 1522 incla-
1092 1465 1097 1482 ⁸

72 1593 215 1646 ruerunt.

126 1699 266 1766 'inscitia
281 1710 393 1764 autem
406 1707 619 1783 temporum,
634 1693 884 1764 monachorum
899 1705 1044 1788 ignavia·
1059 1695 1061 1710 '

13 1809 16 1828 ⁸
73 1822 252 1912 linguarum
268 1818 378 1884 cultus
394 1813 569 1902 neglectus
586 1827 621 1880 et
634 1813 762 1882 servilis
779 1823 911 1885 errimus
926 1819 1039 1888 homi-

74 1969 146 2010 num
154 1965 277 2011 eurum
291 1940 536 2026 impedimenta
545 1941 725 2004 innumera
733 1941 942 2025 obtulerunt,
959 1953 1040 2032 quiu

75 2065 137 2131 ullo
157 2063 296 2151 quidem
323 2059 435 2124 modo
454 2063 584 2146 augeri,
608 2079 652 2152 ne
668 2057 793 2126 servari
810 2065 948 2147 quidem
962 2063 1042 2132 hei·
1119 2032 1123 2044 „

76 2187 183 2252 barum
210 2186 428 2271 cognitiones
453 2177 599 2268 pollent.
662 2175 764 2244 Plinii
790 2181 930 2248 codices
953 2183 1045 2250 mele

77 2305 292 2391 transscripti,
325 2297 458 2367 Caelius
480 2294 702 2380 Aurelianus,
736 2299 938 2368 Scribonius
962 2302 1044 2370 Lar·

77 2421 129 2518 gos
147 2445 180 2496 et
196 2424 379 2496 Marcellus
395 2419 590 2509 Empiricos
605 2421 735 2486 turbidi
756 2419 870 2490 fontes
892 2421 1046 2508 fuerunt,

79 2555 223 2640 equibus
240 2562 276 2613 et
289 2551 314 2610 ii
330 2543 524 2619 haurirent,
557 2546 615 2626 qui
637 2539 853 2632 conscribere
880 2551 1045 2632 quaedam
1106 2547 1109 2562 '

79 2675 115 2738 de
128 2671 309 2738 herbarum
325 2665 384 2732 usu
399 2644 589 2728 auderent..
619 2655 627 2670 ‘
812 2663 813 2666 ’

141 2792 221 2858 Non
241 2785 423 2855 defuerunt
445 2789 538 2850 enirn
564 2781 756 2854 miserrimo
778 2783 839 2852 illo
862 2809 946 2858 aevo
972 2817 1047 2861 mo.

76 2913 184 2994 naabi,
217 2915 293 2998 qui,
324 2906 470 2974 celebria
493 2911 700 2992 antiquitatis
723 2914 864 2992 nomina
878 2913 1048 2981 adlectan-

76 3049 138 3113 tes,
162 3035 389 3101 corraderent
412 3029 575 3119 opuscula
592 3030 635 3094 de
651 3028 835 3098 herbarum
853 3037 1047 3104 virtutibus.

76 3155 200 3222 Eorum
221 3157 291 3220 duo
311 3155 515 3242 praeprimis
530 3151 788 3216 dubiae'aetatis
808 3151 900 3218 sunt:
932 3153 1050 3222 Anu·

78 3297 155 3340 aru
198 3289 233 3340 et
269 3271 417 3360 Perurr
452 3269 701 3336 Veientem
740 3277 940 3342 nominibus
972 3260 1075 3350 lata-*¹

77 3397 267 3484 Utrumque
279 3379 573 3478 srrufilArgentor.
594 3385 775 3462 1555.f01.
792 3395 932 3479 editump
954 3398 1050 3490 Apu-

77 3514 127 3583 leii
163 3523 266 3584 etiam
300 3537 381 3579 cum
413 3505 667 3582 commentario
699 3511 801 3582 Gabr.
835 3517 1074 3612 Humelbergv

83 3631 187 3724 1537.
213 3633 338 3724 Tignr.
354 3634 390 3716 4.
440 3629 619 3703 Probabile
638 3632 751 3700 [altem
774 3634 839 3720 ell,
867 3637 936 3708 hoe
953 3639 1053 3726 Apu*
1090 3656 1096 3667 ·

79 3749 131 3818 lcii
142 3755 345 3844 opusculum
361 3767 437 3822 ante
447 3777 572 3822 aunum
587 3735 936 3846 reoo.·conlcriptum
946 3759 1052 3842 fuisse,

81 3879 184 3956 quoni
199 3875 430 3969 IsaacVoffius
445 3877 602 3942 codicem
616 3877 733 3965 figuris
751 3893 909 3948 ornatum
924 3892 1000 3942 ante
1014 3881 1051 3944 id
1078 3895 1080 3902 ’

80 3975 295 4069 faeculenta
307 3996 474 4092 putidae
489 3994 641 4069 testetur.
668 3996 816 4082 (Fabric.
837 3999 915 4066 bibl.
938 3995 1001 4086 lac.
1017 3995 1052 4088 5,
