2724 4820
452 523 645 602 tuturos.
964 503 1038 642 295'
1092 503 1115 620 ζ
1140 503 1167 518 ”

68 723 310 804 ihiabarhruau
335 747 448 802 autem
472 737 543 802 dici-
568 681 724 804 seriebus.
774 733 873 806 Idem
888 729 1041 808 Tembul
1144 735 1148 746 ’
1267 729 1270 738 ’

67 881 142 923 uero
172 871 332 942 tanquam
359 853 491 944 Piper-is
523 843 669 944 specieui
706 877 842 941 quoque
869 857 1038 928 describit.

18 971 20 981 '
66 973 139 1044 saili
171 991 286 1044 autem
323 989 357 1042 et
390 999 470 1042 eum
506 977 649 1044 Garoias
689 973 815 1064 (cluſs
846 974 1038 1063 11111175

66 1125 107 1142 -
121 1091 233 1184 177.)
256 1094 431 1184 perhibet,
455 1095 705 1164 Masabathrum
729 1104 820 1164 enim
839 1094 960 1164 Cassiae
977 1087 1062 1187 lig-'

65 1235 141 1282 neae
173 1211 331 1295 (Laurus
359 1212 517 1310 Caffiue)
551 1217 615 1285 esse
638 1217 778 1298 sosium,
792 1219 929 1308 folium
951 1219 1037 1286 sero
1166 1193 1168 1198 Ι

65 1325 262 1430 κατ’ἑξοχῆν
277 1337 341 1406 esse
355 1335 450 1404 Betle
467 1338 643 1406 ludorum.
696 1337 748 1406 Cf.
766 1339 934 1408 Treta-*ia
956 1365 1034 1410 nou.

66 1478 218 1525 11111111.
243 1483 317 1526 cur.
340 1461 460 1525 vasa.
485 1482 560 1556 opp.
584 1451 720 1546 p.385.
776 1457 902 1526 Coram
923 1457 1035 1528 habeo
1092 1485 1097 1510 ·

66 1585 156 1646 etiam
179 1585 316 1645 iconem
331 1579 439 1670 folii,
476 1579 567 1662 quod
592 1575 769 1644 manifesto
792 1576 896 1671 Lauri
911 1577 1035 1650 Cassiae
1073 1581 1084 1596 '

65 1697 119 1780 est,
150 1712 186 1768 et
210 1697 309 1774 Betle
329 1699 476 1781 dicitur,
501 1699 590 1788 apud
606 1693 810 1791 Ramufium
833 1693 981 1792 (uiaggi
1001 1723 1032 1784 1,

65 1812 177 1898 161).
1057 1803 1063 1812 “

404 1917 426 1961 1
528 1959 551 2004 ⁴
654 1913 676 1956 ¹*

129 2071 268 2142 Praeter
297 2071 386 2142 hano
417 2079 453 2140 in
478 2043 656 2140 materiam
682 2071 850 2140 medicam
874 2075 1034 2143 introrsu-¹

65 2199 205 2260 1110111111
232 2192 352 2260 adsunt
375 2192 430 2260 alti
453 2199 554 2260 etiam
578 2204 743 2275 tractatus
765 2175 935 2286 θηςακὸν
950 2211 1032 2278 eto,

64 2326 148 2379 1111
172 2297 261 2380 16311
285 2315 393 2396 diota,
425 2335 509 2400 quae
529 2314 572 2378 ad
596 2291 733 2400 graecas
758 2311 947 2397 plantarum
971 2339 1031 2384 vo·
1058 2352 1061 2360 ·

64 2453 112 2500 ces
141 2435 261 2502 latinas
294 2440 396 2502 etiam
424 2439 620 2524 continent,
660 2429 797 2498 serioris
832 2445 929 2498 certo
962 2441 1032 2503 ori-

63 2557 160 2638 ginis,
191 2569 231 2622 ut
256 2577 275 2624 a
301 2553 472 2623 monacho
499 2555 648 2642 quodam
675 2551 866 2642 compilata.
890 2545 961 2620 essa?
982 2562 1030 2646 vi-

64 2671 206 2742 deantur.

375 2909 700 2972 rotulus,

125 3047 311 3118 Duamrirs
331 3043 369 3114 hi
389 3051 538 3136 imperio
558 3059 672 3113 totum
695 3047 816 3112 orbem
836 3044 1028 3116 literarium

63 3187 115 3256 per
129 3169 272 3238 sedecim
291 3181 327 3234 et
342 3167 434 3256 quod
451 3171 605 3234 excurrit
620 3163 745 3247 saecula
759 3184 917 3255 regentes
931 3191 1029 3259 prae.

64 3291 183 3376 eipuam
198 3301 376 3358 merentur
391 3293 427 3359 iu
443 3293 495 3354 rei
515 3284 691 3351 herbariae
713 3279 855 3354 historia
869 3297 1027 3357 attentio·
1168 3305 1178 3318 ²

63 3425 143 3473 rem.
192 3407 321 3476 Plinius
343 3414 435 3475 enim
456 3408 581 3474 iisdem
596 3403 670 3472 sere
687 3405 798 3472 verbis
816 3407 1026 3495 plerumque,

64 3531 173 3611 quibus
188 3529 433 3608 Dioscorides,
458 3527 587 3616 plantas
604 3525 816 3610 describens,
842 3533 957 3598 medio
974 3555 1027 3598 ae·

63 3667 98 3712 vo
120 3655 247 3738 gratior
271 3643 336 3716 'suit
350 3647 572 3725 Dioscoride,
606 3647 697 3731 quod
712 3667 781 3712 non
796 3647 899 3715 latine
915 3651 1025 3716 solum

61 3765 240 3856 scripserat,
272 3767 329 3836 sed
353 3770 445 3853 quod
467 3763 719 3858 superstitiones
743 3773 845 3834 etiam
862 3769 975 3856 plures
991 3779 1026 3836 et

62 3885 179 3958 ubulas
202 3887 434 3956 admiscuerat.
496 3885 585 3953 Cum
611 3887 729 3952 literae
754 3883 1025 3962 restituerentur,

59 4009 272 4078 necessarium
289 4011 429 4097 quidem
443 4009 526 4088 fut,
551 4009 592 4073 ab
608 4004 734 4076 horum
762 4005 1026 4073 duumvirorum
1087 4011 1093 4016 '
1170 4021 1172 4028 ’

780 4119 871 4192 13*
987 4101 1044 4144 ”
