2676 4818
312 517 365 600 24
572 575 576 582 .
626 507 711 582 iae.
727 507 754 590 Ι.
783 499 915 578 'CAR'
928 503 971 572 11.

314 710 458 797 Enoc).
515 709 615 780 elafii
637 719 840 780 auctoritate
859 709 949 776 nisus
972 707 1020 778 Io
1051 703 1298 774 Bonlainuo

315 837 412 926 (laisa
436 838 546 926 plone·
566 857 607 914 2,
632 859 663 923 p·
682 827 794 912 562.)
826 830 959 900 Allium
980 829 1034 908 id,
1069 851 1089 894 e
1112 826 1300 922 pyrenaeis

319 959 492 1026 montibus
518 971 716 1042 acceptum,
756 975 877 1020 verum
901 951 1002 1044 Moly
1031 961 1186 1017 veterum
1212 965 1302 1032 pro·

319 1084 506 1146 nunciavit:
553 1081 647 1143 cuius
680 1072 827 1164 vestigiis
862 1070 1007 1148 adhaefit
1050 1069 1302 1142 linnoens.

191 1253 195 1274 ,
320 1201 405 1268 num
425 1197 558 1264 Allium
583 1197 618 1262 id
642 1200 783 1262 nomine
806 1189 932 1260 triviali
952 1189 1052 1277 Moly
1072 1186 1255 1277 insigniret.

397 1335 629 1426 Nihilominus
649 1355 769 1403 verum
787 1333 1015 1400 Homericum
1039 1327 1138 1424 Moly
1161 1329 1202 1398 ab
1216 1325 1305 1413 ipso

327 1457 487 1545 Clusio
515 1454 638 1546 (stirp.
664 1455 740 1544 lust.
758 1477 799 1535 2,
822 1449 883 1542 37.
909 1445 1076 1542 p.191.),
1096 1451 1228 1539 optime
1247 1452 1305 1514 in-

321 1581 475 1658 dicatur,
504 1601 606 1664 qoem
634 1575 782 1663 sequitur
808 1575 856 1642 so.
890 1575 1034 1642 Rarius
1072 1565 1174 1660 (lust.
1192 1591 1234 1649 2,
1268 1593 1305 1656 p-

230 1707 250 1792 ]
329 1694 475 1778 11220).
535 1697 689 1796 Plantam
714 1693 800 1764 hanc
824 1693 1010 1762 Clufianam
1037 1690 1308 1782 complurimis

164 1887 167 1898 Δ
325 1817 399 1884 aliis
414 1817 568 1906 neglexit
593 1815 835 1894 Linnoeus,
867 1815 924 1884 sed
946 1816 1065 1882 eadem
1085 1811 1135 1880 est
1156 1816 1307 1881 omnino

193 1991 200 1998 -
327 1963 407 2006 cum
421 1937 521 2042 ipsius
534 1937 629 2038 Allio
642 1944 746 2029 nigro
761 1953 795 2004 et
808 1937 844 2004 Α.
861 1935 1141 2026 mouspeffulaoo
1163 1935 1221 2001 Go
1232 1957 1307 1998 uo·

83 2053 87 2068 '
183 2079 189 2088 ·
327 2065 375 2128 ni
397 2056 417 2139 (
418 2057 543 2144 illusor.
561 2053 691 2138 ard).
741 2057 873 2126 Omnes
889 2058 1219 2136 enimaveteribus,
1245 2075 1308 2120 ex·

268 2271 271 2278 ,
330 2191 433 2266 cepto
452 2199 520 2244 uno
536 2175 663 2259 Plinio,
695 2182 862 2248 iudicatae
878 2193 981 2246 notae
996 2180 1038 2246 ad
1053 2177 1140 2244 hanc
1154 2175 1308 2265 speciem

329 2301 405 2368 iure
420 2297 633 2369 reseruntur:
666 2303 767 2368 radix
786 2307 901 2392 nigra,
932 2299 1013 2368 solia
1027 2296 1201 2368 latiuscula
1215 2297 1309 2362 radi·

330 2419 434 2499 casia,
459 2417 521 2486 flos
537 2418 679 2490 lacteus:
705 2424 803 2508 quid,
831 2423 923 2510 quod
937 2421 1024 2511 ipsae
1038 2421 1189 2497 radices,
1221 2409 1326 2482 dum'

332 2544 467 2610 exaruit
481 2540 610 2629 planta,
629 2547 818 2630 aegerrime
834 2541 1055 2610 effodiuntur.
1107 2540 1239 2607 Crescit
1255 2563 1311 2606 au·

271 2719 273 2726 ,
318 2671 404 2724 ,tem
426 2683 487 2746 per
513 2673 622 2728 totam
643 2661 818 2752 Europam
842 2661 1022 2732 australem
1043 2667 1132 2730 etin
1154 2661 1230 2752 ipsis
1255 2665 1313 2728 ba·

305 2863 314 2870 .
333 2776 466 2844 learicis
483 2779 617 2866 insulis,
642 2760 783 2870 quarum
799 2807 864 2853 uua
877 2783 943 2854 fine
957 2787 1061 2852 dubio
1074 2781 1207 2864 Aeaea,
1234 2782 1317 2850 Cir·

333 2919 392 2966 nes
405 2899 635 2982 domicilium,
663 2903 738 2974 snit.

412 3019 625 3108 dsprhodelus
648 3030 683 3091 in
706 3023 868 3120 Odyssea,
898 3041 937 3094 ut
958 3025 1070 3116 planta
1090 3013 1320 3092 infernorum

335 3144 499 3210 occurrit·
552 3139 654 3208 Haud
670 3144 793 3230 procul
813 3167 832 3220 a
854 3164 940 3232 rupe
960 3143 1132 3212 leucadica
1158 3141 1322 3217 (Gibral-

232 3328 236 3338 ,
332 3274 389 3328 tar
406 3261 531 3346 hodie)
558 3264 600 3327 ad
616 3261 744 3332 Oceani
765 3267 872 3338 undas
890 3279 926 3332 et
940 3277 1058 3352 portas
1073 3261 1183 3342 Solis,
1210 3273 1323 3353 regio

333 3379 585 3450 insomniorum
601 3389 740 3472 incipit,
766 3390 824 3456 uhi
840 3385 998 3452 homines
1016 3385 1113 3452 boeto
1129 3389 1254 3450 vivunt
1280 3389 1326 3454 ad

333 3497 441 3582 instat
455 3503 632 3583 Deorum,
663 3508 720 3572 ubi
741 3521 776 3572 et
790 3521 886 3596 prata
902 3505 1026 3573 florent
1046 3501 1326 3594 asphodelorum

336 3615 600 3714 (0d11,539.
637 3628 705 3708 24,
734 3624 789 3692 13.
819 3623 911 3710 14).
959 3625 1033 3694 ‘Per
1056 3623 1234 3692 australem
1266 3651 1326 3698 an·

337 3757 410 3815 tem
434 3743 648 3832 Hispaniam,
683 3749 836 3836 Clusio
874 3747 1027 3836 (hisne,
1058 3745 1119 3836 39.
1155 3749 1326 3837 pa196.l

339 3878 376 3934 et
400 3864 635 3958 Lessingio
667 3867 790 3958 (span.
813 3865 966 3946 hariaer,
991 3869 1022 3958 'p-
1041 3863 1098 3938 25.
1108 3864 1127 3947 )
1159 3867 1326 3954 testibus,

340 3985 424 4056 vau
441 3985 757 4084 compauperum
772 3989 905 4084 maon
923 3957 1326 4070 conuiuarum„
