2728 4816
310 537 387 636 aaa
551 541 692 616 nn.
713 541 787 616 tn·
832 515 996 618 onan
1068 555 1076 601 ε
1182 517 1184 522 ’

312 777 389 838 rae,
416 759 481 824 nec
506 777 588 842 qrras
607 754 802 822 Germanici
826 753 953 822 habent
975 751 1144 836 herbarii,
1177 747 1292 822 Fuma-

312 884 375 946 iia.
435 875 568 947 Brunca
591 878 700 944 ursina
724 873 773 944 est
795 877 1004 944 Heracleum
1028 874 1291 973 sphondylium.

243 1077 249 1086 q
315 999 463 1090 Capillus
480 1001 627 1066 Veneris
645 997 693 1066 est
708 997 909 1088 Aspleniurn
924 997 1012 1066 Ruta
1029 1007 1188 1066 ¹rnuraria·
1232 999 1293 1065 Co·

314 1122 512 1204 rimarum,
538 1117 716 1213 CyporuS,
742 1101 953 1208 Larentina,
981 1115 1072 1185 Siler
1096 1133 1294 1186 montanum

315 1235 820 1330 (Laftrpitiurnstloifoliumfir
830 1234 918 1320 24),
933 1216 1155 1328 Serpentaria
1168 1237 1293 1322 (Arum

316 1355 746 1449 Dracunculusfi127.)
770 1355 972 1437 ostendunt,
1005 1375 1182 1427 auctorem
1206 1360 1294 1428 inille

317 1483 442 1551 Italum
462 1495 497 1548 et
517 1481 647 1569 plantas
669 1487 761 1548 vivas
779 1479 968 1548 delineaiie.
1019 1481 1180 1572 Optimae
1197 1490 1295 1550 etiarn

318 1605 445 1696 figurae
458 1603 638 1692 Fragariae
651 1617 686 1668 et
702 1601 886 1670 Gentianae
903 1603 1023 1671 luteae.
1075 1605 1221 1672 Hedera
1234 1619 1294 1672 ter·

319 1723 437 1793 restris
458 1725 551 1792 forte
567 1718 740 1792 Vetonina
762 1717 810 1788 est
831 1720 1078 1790 hederaefolia:
1103 1723 1296 1791 Hermodo-

322 1848 452 1942 caytus,
481 1843 703 1962 Colchicurna
727 1839 940 1910 Nasturtium
966 1849 1175 1932 aquaticum,
1205 1845 1295 1916 Sium

322 1964 583 2058 angustiioliurn.
632 1961 791 2032 Peliimae
811 1978 928 2033 tamen
949 1964 1076 2054 figurae
1092 1965 1208 2034 Dauci
1232 1991 1297 2036 cre·

139 2143 142 2152 .
213 2143 217 2154 „
323 2062 398 2168 tici,
422 2085 599 2178 Mentltae,
625 2082 820 2152 Granorum
839 2083 950 2167 Solis,
973 2087 1228 2176 Mandragorae
1241 2084 1298 2166 (ta-

284 2239 289 2250 ·
323 2229 489 2276 mennon
503 2200 665 2285 fabulosa,
696 2218 734 2271 ut
748 2211 784 2270 in
800 2205 967 2276 herbarlis
986 2205 1098 2288 aliis),
1127 2207 1297 2284 Paeoniae,

324 2333 477 2420 Sinopis,
501 2325 625 2419 Spirae
639 2327 779 2398 celticae
793 2343 828 2396 et
840 2333 951 2398 nardi.
998 2330 1148 2400 Adleota
1163 2331 1214 2402 est
1227 2357 1299 2402 enn-

323 2457 470 2518 meratio
494 2431 707 2528 laxantium,‘
736 2451 795 2516 ubi
825 2447 1109 2522 Bartholomaeus
1135 2453 1297 2545 Anglioua

322 2573 456 2664 ineptus
468 2577 603 2638 citatur.
1345 2595 1346 2615 i

400 2669 481 2764 Atia
505 2693 612 2762 editio
633 2690 743 2760 multo
766 2689 929 2760 vetustior
954 2693 1014 2762 tl.
1040 2709 1075 2762 et
1090 2717 1119 2764 a.
1143 2693 1250 2765 exstat
1268 2703 1299 2762 in

325 2820 405 2886 bibl.
424 2815 654 2906 Gottingenli,
679 2816 739 2882 ubi
757 2830 791 2882 et
808 2817 927 2884 titulus
952 2832 987 2886 et
1009 2819 1180 2910 praefatio
1203 2815 1299 2898 deest,
1343 2825 1344 2832 ’

324 2939 443 3010 ieonea
459 2941 561 3004 etiarn
578 2935 689 3004 multo
704 2939 853 3024 peioresa

398 3061 440 3128 Iu
456 3061 576 3128 eadem
593 3063 696 3125 etiam
713 3053 918 3125 bibliotheca
934 3055 1084 3129 servatur
1106 3062 1239 3154 belgica
1257 3067 1301 3126 in·
1340 3104 1341 3153 t

325 3187 528 3275 terpretatio
543 3177 610 3246 sina
625 3176 744 3258 nnio,
768 3199 861 3245 anno
879 3177 977 3264 1484
989 3182 1171 3270 impressa,
1199 3181 1299 3250 multo
1338 3182 1340 3272 l

324 3301 509 3373 absolutior
533 3297 625 3378 aliis,
657 3321 738 3387 quaa
761 3301 834 3376 vidi
858 3301 1078 3373 editionibus.
1146 3303 1302 3372 Continet

240 3432 243 3440 ’
325 3429 419 3492 enlm
441 3436 577 3510 praeter
600 3419 790 3490 laxantium
813 3427 915 3489 etiarn
937 3422 1085 3502 aliorum
1106 3423 1301 3516 fimpliciam

325 3551 631 3624 enumerationem.
694 3541 817 3610 Iconea
840 3541 914 3610 iere
938 3545 1079 3612 eaedem
1102 3545 1196 3626 sunt,
1229 3559 1301 3632 quar

322 3672 463 3754 antiqua
474 3665 578 3732 latina
592 3669 765 3742 continet,
777 3663 942 3754 ¹pauculis
957 3663 1029 3734 allis
1045 3665 1200 3734 adiectis.

263 3823 265 3830 ⁴
402 3787 528 3860 Solent
552 3783 708 3853 nonnulli
737 3781 800 3864 (nt
821 3781 1015 3854 Mitrarelli
1040 3785 1210 3854 Biblioth.
1235 3785 1299 3854 eorl

236 3943 240 3950 =
322 3925 372 3984 aa·
401 3935 436 4002 p.
455 3899 541 3988 28.)
572 3903 731 3974 Arualdo
762 3901 989 3973 Villanovano
1021 3907 1198 3988 tribuere,
1232 3924 1300 3970 cum

322 4035 544 4126 proaemium
566 4031 638 4097 dira
657 4013 788 4098 nornen
807 4023 906 4096 ferat.
955 4023 1028 4100 sea
1043 4031 1144 4100 citata
1159 4025 1298 4098 Arnaldi
