2728 4816
621 327 628 366 1

226 581 228 586 ⁴
344 535 419 618 822
473 547 557 624 tm:
576 551 635 627 tv.
685 551 787 626 GAP.
804 555 847 626 11.
904 553 1198 630 Pata-tartum

303 799 307 810 ·
345 759 418 832 'cius
444 761 645 840 Gonnos,
675 735 990 854 eximiusalioquin
1008 767 1139 835 auctor.
1188 763 1322 836 ESim·

341 883 479 950 mesutia
491 882 623 950 Hastae
634 898 749 966 natus,
769 884 945 952 Brunfelsrt
959 884 993 953 at
1005 883 1113 976 Trogi
1128 909 1247 962 more,
1271 885 1321 952 lu·

281 1007 315 1044 ·“
344 1007 428 1073 dum
454 1004 644 1098 literarium
659 1003 840 1073 Erfurdiae
862 1011 1012 1099 aperuit,
1047 1009 1125 1074 dein
1151 1003 1257 1074 semet
1279 1009 1320 1074 ad

340 1127 512 1216 medicam
539 1137 649 1191 artem
672 1126 827 1193 contulit.
879 1125 916 1194 A
938 1125 1142 1194 Ferrarieufi
1165 1125 1321 1199 univerfi·

339 1263 412 1318 tate
429 1249 570 1336 adeptus
585 1245 736 1318 summos
752 1245 925 1329 honores,
950 1253 1102 1338 primum
1124 1249 1244 1314 docuit
1258 1247 1320 1329 Er·

340 1368 491 1447 fordiae,
526 1365 606 1432 dein
630 1365 829 1456 Marpurgi‚
870 1369 1017 1456 deniquo
1042 1382 1151 1434 artem
1176 1365 1318 1436 Bremae

339 1493 517 1562 exercuit,
544 1487 685 1554 donatus
706 1483 828 1556 1555:

338 1609 533 1681 Edidit
553 1609 696 1676 doctum
722 1611 940 1699 opusculum,
970 1611 1242 1704 bornnologicon
1255 1613 1320 1684 Co·

339 1735 411 1802 lon.
432 1729 535 1814 1534.
567 1747 639 1808 ῐ2.,
671 1725 799 1798 festivis
826 1731 1000 1804 refertum
1018 1737 1319 1804 exercitationibus

199 1864 203 1875 '
341 1875 377 1930 ct
389 1859 548 1934 ludicris
571 1853 711 1920 utilibus
728 1865 862 1933 tamen,
889 1873 994 1938 quum
1015 1875 1053 1919 ru
1067 1851 1174 1920 horto
1190 1851 1249 1922 suo
1266 1877 1318 1944 pa·

337 1985 426 2046 riter
440 2001 478 2044 ac
492 1983 529 2044 12
544 1979 673 2060 campis
689 1983 724 2042 et
736 1971 835 2068 sylvis
851 1974 980 2064 plantas
1004 1971 1120 2040 sedulo
1141 1974 1318 2044 observare

283 2152 285 2164 .
340 2097 585 2168 consuesceret.
611 2093 833 2186 Quantopere
848 2093 1213 2164 vero'halluciueturin
1227 2097 1317 2186 plan·

338 2227 384 2289 tis
401 2199 554 2293 veterum
569 2213 787 2296 definiendis,
803 2213 858 2282 vel
872 2217 953 2281 inde
968 2228 1078 2305 patet,
1102 2219 1196 2304 quod
1209 2215 1317 2287 Arno·

337 2365 435 2412 mum
461 2353 618 2408 veterum
642 2349 741 2426 putet
762 2333 994 2404 Anastaticam
1020 2335 1083 2404 esse
1109 2335 1315 2422 2122221122-
1360 2377 1361 2405 r

336 2469 453 2532 ticam.
503 2459 545 2525 In
566 2451 708 2543 filicibus
728 2462 832 2524 toties
846 2463 974 2524 vexatis
992 2461 1209 2548 exponendis
1225 2467 1315 2528 miri-

336 2583 405 2652 fiee
418 2581 450 2650 se
465 2593 614 2665 torquet.
655 2575 898 2674 Helichrysum
914 2575 1131 2646 Dioscuridis
1144 2594 1242 2650 recte
1258 2603 1313 2670 pu·

335 2703 498 2772 tetidem
520 2699 584 2766 2112
608 2721 688 2765 cum
712 2695 900 2790 Gnaplralio
926 2697 1119 2766 Stoechade
1152 2693 1313 2778 (fueritne

267 2916 269 2922 Ι
335 2825 430 2896 fuum
447 2827 639 2890 arenarium
648 2815 696 2899 ?).
738 2817 831 2885 Bene
845 2817 990 2888 illustrat
1004 2835 1182 2912 praeterea
1198 2823 1313 2892 Antir-
1354 2843 1355 2873 t

335 2948 476 3018 chinum
499 2942 688 3014 Orontinm
713 2953 748 3008 et
769 2939 953 3008 Linariam.
1008 2941 1213 3012 Libanotida
1232 2945 1313 3014 Dio·

333 3069 478 3140 tcoridis
502 3067 590 3136 bene
614 3066 811 3152 distinguit,
843 3062 983 3128 alteram
999 3060 1352 3146 mammonam,

333 3165 476 3259 alteram
509 3176 692 3282 Cachrym
729 3205 897 3272 nusquam
930 3155 1351 3276 montanarium.)

261 3353 264 3360 Δ
331 3310 563 3382 Larandulam
589 3307 728 3405 Spicam
751 3305 874 3387 nescit,
910 3327 979 3394 quo
1005 3311 1148 3374 nomine
1169 3307 1348 3398 appellet
1347 3297 1349 3356 i

332 3427 576 3500 Dioscorides:
604 3427 697 3498 deest
721 3435 865 3508 omnino
887 3435 924 3496 iu
948 3429 1144 3496 codicibus:
1176 3451 1309 3518 magno

330 3577 420 3648 pere
451 3567 564 3622 autem
588 3551 674 3634 falli,
715 3559 773 3638 qni
797 3549 953 3638 celticam
975 3550 1122 3617 nardum
1145 3573 1223 3618 cum
1247 3549 1306 3614 hac

297 3703 302 3732 ¹
330 3670 423 3770 spica
444 3687 707 3743 commutent.
724 3669 912 3740 Aethuiam
932 3671 1054 3740 Meum
1076 3673 1230 3742 camdem
1248 3693 1308 3760 pn·

330 3813 381 3868 tat
398 3821 478 3868 cum
494 3793 609 3862 Damo
625 3797 769 3860 cretico.

267 3950 269 3959 ·
405 3917 474 4014 Qui
500 3917 630 3984 Graece
649 3913 838 3982 [edoctum
854 3909 1009 3982 noneste
1024 3909 1094 4003 ipse
1110 3911 1230 3982 fatetur
1251 3905 1303 3994 (

193 4028 195 4034 ’
305 4085 309 4092 -
328 4033 413 4124 55)
435 4040 529 4118 hisce
542 4037 660 4109 litibus
675 4035 934 4126 componendis
945 4049 1040 4107 certe
1054 4055 1117 4128 par
1132 4055 1201 4108 uon
1214 4043 1303 4116 2225
