2728 4816
315 493 390 586 aur
489 531 491 536 -
617 489 781 562 uram.
832 488 1002 562 cerv.

541 715 551 740 :
643 721 648 732 ,
728 685 888 748 οΑΡ.Ἆ
1148 731 1155 754 ,

389 863 393 874 .
438 787 935 892 cnrruournunnn
974 813 1185 886 nurus,

395 995 464 1089 Qui
495 953 612 1066 meldio
646 981 730 1068 aevo
763 1021 838 1066 rem
870 997 1066 1065 herbariam
1105 970 1299 1087 attigerunt,

321 1110 457 1190 Arabes
473 1117 546 1186 sere
562 1119 651 1189 solos
676 1120 827 1209 (eosque
843 1119 980 1210 pessime
997 1113 1146 1200 versos),
1173 1115 1298 1186 autPli-

322 1245 370 1306 uii
389 1239 600 1332 farraginem
627 1255 683 1308 aut
705 1237 922 1309 Dioscoridis
947 1238 1173 1306 miserrimam
1196 1245 1300 1308 iuter·

322 1367 552 1452 pretationem
580 1361 709 1451 sequuti
733 1361 881 1430 suerunt.
944 1355 1157 1428 Naturalium
1183 1383 1298 1426 rerum

325 1480 553 1574 ddscriptores
570 1489 698 1570 antiqui
720 1507 823 1570 quum
838 1455 1003 1570 nusquam
1026 1480 1098 1546 sere
1121 1476 1212 1546 clare
1229 1478 1300 1548 satis

327 1615 361 1671 et
385 1605 544 1672 distincte
569 1603 675 1669 semet
699 1603 941 1694 expresserint,
975 1622 1084 1690 neque
1109 1599 1166 1666 nisi
1192 1603 1300 1668 obiter

247 1745 253 1752 ·
316 1701 492 1792 *duntaxat
508 1723 700 1813 plantarum
717 1723 846 1806 sormes
868 1739 902 1791 et
918 1725 1054 1790 colores
1069 1723 1301 1804 indicaverint,

326 1845 678 1914 Latiuobarbarorum
702 1846 823 1912 desidia
846 1845 1100 1937 exemplaribus
1125 1850 1227 1912 etiam
1253 1869 1300 1912 ca·

233 2000 234 2008 κ
326 1974 412 2046 ruit,
446 1989 593 2055 quorum
620 1963 759 2055 vestigia
783 1965 991 2054 sequeretur.
1051 1965 1174 2034 Nullus
1198 1967 1299 2042 ordo,

327 2085 385 2152 nisi
407 2085 652 2174 alphabeticus,
685 2085 776 2157 nulle
801 2093 943 2168 veritas,
975 2073 1080 2172 quum
1100 2085 1188 2152 mele
1209 2083 1301 2152 intel-

325 2201 577 2272 lectaArabum
594 2219 629 2274 et
642 2205 858 2272 Graecorum
873 2207 950 2274 loca
964 2207 1181 2288 solummodo
1198 2219 1301 2273 trans·

327 2322 475 2391 scribere
490 2325 764 2414 consuescereni3
782 2325 874 2394 nulla
888 2329 1066 2396 doctrinae
1081 2331 1181 2406 ratio,
1200 2349 1299 2415 quum
1352 2375 1353 2396 r

328 2440 419 2510 haud
441 2467 530 2514 nova
552 2441 698 2532 docers,
731 2449 806 2530 sed,
840 2471 924 2537 quae
941 2455 1070 2518 centies
1088 2447 1301 2530 diceaesscut,
1351 2477 1352 2523 4

327 2565 454 2630 iterum
468 2582 627 2655 repetere
641 2567 688 2639 sui
707 2549 874 2644 ducerent
888 2567 1003 2635 officii.

615 2739 900 2796 SAECULUM
934 2738 1016 2796 ΧΠ.

402 2843 560 2941 Arabum
577 2873 846 2945 florenusfimum
865 2889 898 2940 et
915 2869 1123 2942 mitissimum
1137 2883 1174 2942 in
1189 2876 1299 2970 Hispa·

326 2994 382 3076 nia
402 2995 606 3082 imperium,
636 2997 828 3064 scholarum
847 2997 1056 3074 arabicarum
1075 2995 1252 3066 celebritas
1269 3009 1299 3062 et
1346 2981 1348 3062 l

263 3115 264 3120 ’
327 3113 505 3214 ‹loctrinne⁷
523 3117 649 3208 gloria,
683 3121 724 3184 ab
739 3119 922 3200 undecimo
938 3117 1020 3182 inde
1039 3116 1172 3184 saeculo
1189 3118 1297 3208 plures

327 3233 456 3322 adlexit
470 3237 682 3308 Christianos
699 3263 717 3306 e
733 3239 931 3322 Germania,
956 3237 1068 3319 Italia,
1095 3239 1203 3330 Galli-a
1225 3239 1296 3332 ipsa·

327 3377 392 3446 que
416 3354 558 3445 Angue,
591 3367 665 3448 qui,
697 3359 883 3426 liberaliter
910 3352 1047 3450 excepti
1071 3381 1091 3426 a
1114 3349 1297 3430 scholarum
1343 3285 1345 3400 l

324 3477 534 3542 arabicarum
561 3480 759 3570 praesectis,
794 3494 907 3546 totum
935 3481 1173 3548 doctrinarum
1201 3481 1295 3548 ambi·

323 3577 398 3674 tum
422 3619 500 3664 cum
522 3599 714 3692 linguarum
736 3601 954 3668 orientalium
978 3607 1178 3690 cognitione
1199 3607 1236 3667 in
1250 3619 1296 3690 pa·

323 3721 426 3783 triam
459 3721 665 3788 retulerunt·
717 3722 938 3812 Interpretari
969 3721 1052 3821 suut¹
1078 3721 1113 3788 hi
1145 3721 1294 3791 Arabum

325 3837 484 3928 discipuli
503 3863 624 3908 eorum
643 3843 767 3917 libros,
799 3857 836 3908 ut
851 3811 1077 3910 Hermaudus
1093 3841 1220 3910 Comes
1236 3839 1293 3903 Ve·

323 3959 484 4049 ringensts
510 3959 529 4044 (
537 3960 702 4030 Tritbem.
718 3963 836 4057 annal.
852 3961 1007 4053 hirfiaug.
1024 3984 1054 4044 r,
1084 3958 1209 4048 adsi),
1236 3957 1292 4026 Ge·
