2728 4816
141 643 146 650 ,
186 537 428 614 veranum
447 519 676 612 boatium
699 537 912 615 nngntt
962 529 1039 621 aaa

60 769 146 842 papa
162 749 333 841 Eugenio,
352 769 434 840 rege
451 747 607 827 Allonso,
626 747 814 820 Laurentio
828 747 989 818 Mediceo
1006 759 1043 819 et

61 871 242 940 Franciico
264 869 389 950 Sforza
410 871 632 940 liberalilfime
653 888 838 964 exceptus,
865 879 1042 964 ingentem

60 991 232 1060 libroruin
251 992 462 1078 Graecorum
481 999 616 1084 copiam
636 993 750 1062 secum
764 993 888 1064 attulit.
920 991 1043 1062 ‘Nico-

60 1111 132 1183 inus
146 1114 290 1182 Nicolus
310 1119 527 1204 octingentos
543 1115 682 1180 codices
699 1113 859 1206 collegit,
884 1139 903 1184 e
921 1119 1043 1204 quibua

59 1237 272 1306 bibliotheca
284 1237 458 1306 Marciana
478 1247 555 1304 orta
573 1233 630 1304 cib
681 1236 847 1306 Ioannem
863 1237 1044 1322 Laicarinr,

61 1359 265 1448 naufragum
290 1355 521 1424 munificentia
545 1354 702 1445 singulari
727 1351 928 1450 exceptum,
958 1362 1045 1430 Lau.

60 1479 383 1578 rendutMediceus
398 1479 441 1546 ad
457 1473 1046 1564 conquirendavolirminaConllan·

61 1600 238 1692 tinopolin
252 1603 304 1668 bis
319 1599 362 1666 ad
378 1597 575 1686 Bajazetum
598 1597 700 1678 milit,
728 1623 793 1668 nec
814 1603 921 1671 defuit
942 1601 1047 1672 hone⁴

60 1722 112 1792 ita
128 1729 262 1813 petenti
286 1723 448 1790 barbarus
465 1724 667 1809 imperator.
718 1719 746 1786 E
767 1727 877 1792 ruinis
900 1727 1048 1813 denique

65 1841 413 1934 Constantinopeleos
432 1841 511 1908 libri
526 1839 647 1910 servati
663 1842 705 1908 ad
721 1845 882 1912 eumdem
898 1842 1048 1944 Inuren'·

62 1973 151 2036 tium
167 1965 368 2049 Mediceum
383 1967 608 2042 transierunt,
635 1970 692 2052 qui
708 1965 790 2041 inde
804 1964 1049 2034 bibliothecam

60 2087 328 2156 celeberrimam
346 2083 781 2154 Mediceo·Laurentinam
797 2087 962 2158 fundavit.

141 2205 188 2272 Et
198 2201 498 2272 nostraelcientiae
507 2201 708 2270 incunabula
724 2203 847 2272 eodeni
856 2201 967 2274 studio
979 2201 1049 2272 col·

65 2329 155 2397 lecta
169 2325 327 2406 fuerunt,
353 2331 544 2392 examinata
563 2331 604 2402 ct,¹
620 2325 728 2391 edita:
756 2319 825 2412 quo
841 2325 1050 2416 potilsunum

65 2455 210 2520 nornine
238 2450 437 2514 meruerunt
459 2445 667 2516 Theodorus
691 2445 789 2516 Grac
814 2461 849 2514 ct
871 2450 1050 2542 Georgius

5 2609 7 2648 ;
68 2575 186 2646 Valla.
208 2565 279 2647 Ἰε,
299 2565 556 2636 Thessalonicae
570 2563 717 2636 honesto
730 2567 811 2636 loco
826 2583 946 2650 natue,
969 2595 1051 2640 cum

69 2695 214 2762 Graecia
227 2697 265 2758 in
280 2695 459 2780 praecipiti
476 2689 573 2771 eslet,
597 2687 729 2756 ltaliam
745 2689 892 2782 aufugit,
922 2693 1051 2764 secum·

70 2839 135 2903 que
149 2815 262 2882 attulit
277 2826 311 2880 et
318 2801 544 2890 Aristotelem
561 2807 899 2902 etTheophrallam:
922 2830 1052 2886 utrum·

70 2959 136 3023 que
165 2935 332 3002 latinitate
359 2917 523 3000 donatum¹
548 2937 596 2998 ita
621 2933 747 3010 edidit,
789 2944 827 3000 ut
857 2933 1053 3006 facundiam

69 3060 180 3146 magis
209 3075 310 3142 quam
335 3075 454 3120 rerum
481 3056 717 3142 cognitionem
749 3053 925 3141 proderet.
988 3053 1054 3122 Pli-

70 3184 167 3246 nium
185 3181 278 3244 enim
294 3174 451 3264 sequutus
468 3173 610 3242 eosdem
627 3171 702 3238 lere
718 3193 858 3238 errores
872 3172 1054 3256 commisit,

73 3297 166 3382 quod
181 3297 273 3362 bene
285 3293 499 3362 Leonicenus
516 3291 767 3358 animadvertit.
818 3287 936 3356 Nimio
951 3297 1083 3400 etiam·

71 3413 185 3485 studio
201 3417 375 3506 augendae
387 3413 510 3481 latinae
523 3411 657 3502 linguae
671 3411 856 3500 deceptum
872 3409 1055 3501 bullaque·
1094 3473 1098 3486 ,

72 3543 162 3604 titur
180 3535 295 3604 Eoric.
316 3537 454 3608 Cordus
479 3527 498 3616 (
505 3535 658 3602 recanat.
674 3557 708 3623 p.
727 3527 787 3616 54.
794 3525 825 3610 ).
983 3616 988 3633 Ι

150 3656 324 3746 Georgius
342 3655 446 3724 Valla
461 3652 692 3736 Placentinae,
712 3653 843 3720 Graece
860 3655 994 3736 doctus,
1017 3661 1057 3722 in

73 3785 253 3866 epitomen
284 3777 419 3864 redegit
451 3797 572 3844 omnes
599 3775 672 3842 fere
700 3775 852 3842 Graecos
884 3787 1055 3850 auctores,

75 3903 135 3982 qui
166 3897 209 3962 de
237 3895 407 3962 medicina
432 3906 468 3958 et
499 3899 642 3960 materia
667 3895 802 3960 medica
826 3905 1057 3970 tractaverant

72 4013 221 4097 (Vanet.
242 4011 349 4088 1501.
379 4009 481 4100 lob),
514 4035 557 4084 eo
584 4015 722 4102 quidem
747 4036 831 4085 aevo
852 4015 936 4106 utile
957 4035 1056 4104 opus,
