2728 4816
295 457 368 536 aaa
582 463 666 536 nra.
693 463 749 534 nt
811 465 914 538 cnr.
942 463 986 554 v„

194 751 207 770 ,
263 689 267 708 ¹
292 673 545 764 peregrinatum
569 671 632 740 esse
649 695 711 765 per
728 681 915 758 orientem,
941 691 980 744 ut
995 679 1126 767 plantas
1143 680 1179 748 in
1196 673 1276 749 loco

267 792 394 860 'natali
419 791 628 873 observaret,
658 817 738 882 quas
763 789 896 864 veteres
922 798 1170 890 descripserint.
1221 802 1277 872 -Ea

290 927 405 982 autem
436 918 570 981 iactatio
600 917 686 982 adeo
714 925 911 986 communis
943 917 992 986 est
1019 925 1179 990 omuibus
1202 923 1276 990 scre

291 1035 513 1124 scriptoribus
531 1037 756 1102 barbarorum
782 1033 1011 1118 sacerdotum,
1045 1053 1084 1106 ut
1097 1017 1208 1106 hdere
1230 1047 1274 1108 iia

292 1155 386 1224 nullo
402 1157 509 1224 modo
523 1155 693 1246 possimus.
743 1155 894 1226 Coactus
916 1155 964 1226 est
987 1165 1128 1228 nomina
1146 1159 1275 1251 planta·

291 1299 368 1344 rum
385 1289 419 1342 et
435 1275 699 1344 medicaminum
717 1297 853 1366 graeca,
868 1281 1013 1346 ‘arabica
1029 1295 1063 1348 ct
1076 1279 1179 1348 latina
1194 1303 1275 1346 cum

293 1396 487 1486 vulgaribus
499 1411 704 1486 comparare
722 1419 831 1486 eoque
847 1400 955 1468 modo
972 1397 1158 1493 exponere.
1200 1375 1275 1466 Ma.-

290 1519 324 1588 te
346 1541 432 1588 vero
452 1519 488 1584 id
511 1531 685 1586 tentamen
699 1519 903 1610 plerumque
919 1520 1027 1602 cessit,
1053 1543 1130 1588 cum
1147 1543 1274 1612 expers

214 1636 217 1642 ’
290 1638 487 1718 literarum,
518 1641 613 1708 rudis
630 1645 732 1706 etiam
747 1661 897 1706 ererum
911 1639 1057 1730 ipsarum
1075 1647 1276 1731 cognitione

217 1841 222 1860 ,
292 1762 383 1831 esset.
439 1744 558 1826 Edidit
591 1760 750 1839 „clavem
764 1759 985 1852 sanctionis,
1017 1752 1179 1850 simplicia
1204 1785 1276 1828 me·

292 1881 498 1964 „dicandam
526 1859 648 1958 latina,
680 1902 803 1969 graeca
822 1895 857 1948 et
878 1885 1033 1962 arabtcm
1058 1879 1273 1972 alphabetico

289 1989 440 2088 „ordine
465 2001 639 2070 elucidata.
665 2003 788 2068 Venet.
808 1995 1021 2084 1-514.f01.“
1044 2008 1156 2069 'cuius
1177 2023 1275 2091 prae·

293 2130 391 2212 cipue
404 2142 482 2208 para
498 2121 603 2186 rediit
621 2143 699 2186 cum
714 2118 878 2186 Matthaei
894 2118 1058 2215 Sylvatici
1074 2143 1193 2212 opere.

179 2293 191 2304 .
305 2307 309 2314 ,
368 2241 402 2310 Ia
427 2237 653 2323 (Marcimeus
672 2222 889 2329 Sytecctcus)
913 2239 1136 2322 Mantuanus,
1159 2241 1274 2311 Saler-

287 2369 328 2434 tri
344 2375 579 2440 commoratus
600 2375 690 2448 erat,
716 2365 773 2428 ubi
794 2361 1026 2442 „Colocastam
1041 2363 1157 2430 colere
1172 2369 1209 2429 in
1225 2369 1275 2430 vi·

289 2487 449 2568 „rtdnio
471 2483 531 2552 suo
552 2481 645 2552 secus
671 2483 886 2572 spectabilem
909 2481 1073 2553 sontem“
1113 2483 1274 2552 adfirmat

233 2591 238 2601 '
290 2601 471 2696 (c.197.).
493 2605 596 2706 :11³0
619 2605 860 2674 acarnanum
878 2604 1076 2674 caecatam
1108 2600 1274 2687 (arma-

290 2746 431 2794 montce
455 2721 644 2820 cretenfia)
662 2749 688 2820 ‚e
709 2725 851 2793 Graecia
873 2725 1000 2792 adferri
1021 2731 1154 2792 curavit
1178 2739 1214 2792 et
1234 2731 1273 2792 in

289 2843 469 2945 hertoftuo
486 2845 593 2914 coluit
616 2843 664 2929 (c.
686 2841 812 2926 155.).1
844 2843 1038 2914 Sardiniam
1056 2851 1160 2914 etiam
1178 2845 1275 2914 vide·
1348 2903 1349 2906 ,

171 3025 174 3036 ,
288 2981 344 3038 rat
363 2982 398 3036 et
418 2942 580 3036 Mortem
602 2967 807 3058 pessulanum
834 2965 882 3050 (c.
905 2960 985 3034 181.
1001 2958 1125 3046 528.).
1176 2963 1274 3032 Dein

163 3080 167 3092 ¹
212 3079 216 3086 ¹
283 3090 408 3160 Miseni
423 3103 534 3156 artem
551 3091 720 3158 medicam
739 3087 924 3156 exercuisse
940 3090 1084 3168 dicitur,
1110 3105 1202 3154 anno
1218 3109 1275 3152 au·

145 3240 151 3255 1
288 3225 360 3280 tem
387 3208 482 3300 1517
506 3211 701 3304 conscripfit
724 3231 810 3304 opua
836 3206 1112 3292 „Pandectarum
1127 3209 1273 3274 medici·

141 3341 147 3344 “
199 3417 206 3434 ἢ
288 3299 730 3422 „naetsugd.1534f01.'“
755 3338 791 3398 in
809 3354 877 3418 quo
895 3331 1109 3422 explicantur
1126 3331 1272 3394 nomina

287 3471 426 3542 graeca,
450 3455 583 3520 arabica
596 3467 631 3520 et
643 3452 746 3518 latina
758 3452 950 3542 plantarum
966 3449 1182 3540 aliorumque
1197 3451 1271 3518 sim·

284 3559 445 3666 plibium,
460 3593 543 3659 quae
557 3587 639 3639 tunc
652 3577 820 3661 temporis
836 3569 1090 3638 adhiberentur.
1124 3571 1165 3637 ld
1181 3591 1268 3662 opua

285 3693 373 3762 licet·
392 3689 572 3786 Retnefius
597 3693 752 3760 laudibus
778 3699 960 3760 immeritis
987 3692 1131 3760 extollat
1163 3691 1185 3776 (
1193 3715 1267 3759 aar.

289 3819 367 3884 lect.
384 3811 423 3894 3,
451 3807 506 3879 18.
516 3809 552 3896 ),
588 3815 746 3902 equidem
770 3814 819 3882 nil
844 3813 903 3880 nih
923 3809 1099 3882 inscitiam
1115 3817 1265 3882 auctoris·

285 3935 567 4026 pacatamque
575 3943 789 4008 coniecturas
804 3935 924 4014 video.
951 3941 1072 4030 quibus
1094 3938 1138 4004 ad
1160 3933 1263 4026 expli·
