2724 4820
299 505 373 580 232
408 511 412 516 ’
606 512 694 584 Lm.
708 513 767 585 m
812 514 912 589 GAP.
930 515 990 587 IV.

166 813 171 828 Ι
299 717 479 804 aseptimo
495 721 576 788 indo
594 719 726 790 saeculo
743 723 895 792 ecclefias
917 740 954 792 et
975 696 1126 792 colonias
1149 730 1185 790 in
1202 721 1279 789 Chi-

301 859 365 908 nae
388 829 537 929 imperio
560 837 758 913 stabilivisse.
787 844 975 934 (Affimcmi
1000 847 1078 914 bibl.
1104 849 1228 911 orient.
1244 839 1282 925 3,

304 963 388 1037 535.
401 963 416 1044 )
447 989 528 1053 quas
554 973 591 1034 iu
617 960 851 1058 Mogolorum‘
866 974 1064 1060 regionibus
1088 984 1121 1038 et
1147 969 1285 1056 inipso

303 1089 452 1184 Cathay,
478 1089 601 1158 fratres
617 1091 831 1166 Minoritam,
849 1093 994 1160 loannes
1011 1093 1054 1159 de
1069 1092 1180 1160 Plano
1198 1091 1285 1158 Cur·

305 1216 377 1300 pini
395 1225 429 1277 et
445 1209 632 1279 Gulielmus
649 1215 856 1300 Rubroquis
877 1213 960 1280 iaec.
976 1211 1066 1280 xm.
1089 1211 1289 1298 linquentis-

306 1331 402 1400 {imas
417 1337 621 1400 invenerunt
647 1330 665 1415 (
673 1331 834 1424 Huiiuyt
854 1354 1065 1426 sejugas-13
1090 1357 1123 1422 p.
1140 1327 1286 1414 280'41.

263 1439 267 1450 ⁸
310 1447 370 1536 84.
381 1449 407 1532 l.
474 1451 567 1544 Quid
593 1457 685 1542 quod
707 1449 1061 1527 Arabumiibuzatdt
1087 1471 1122 1522 et
1144 1456 1290 1524 Wababi

311 1573 525 1658 temporibus
555 1557 696 1641 ade'rant
725 1581 794 1642 iam
828 1573 1009 1642 Christiani
1037 1581 1074 1640 in
1099 1578 1292 1668 metropoli

313 1698 421 1766 China
451 1693 637 1787 (Aneienn.
662 1698 763 1764 relat.
786 1700 830 1762 de
858 1699 892 1762 Io
920 1689 1046 1774 clune,
1083 1723 1114 1788 p.
1132 1693 1193 1766 51.
1228 1693 1294 1764 68.

314 1818 421 1888 261(
449 1815 501 1884 Cf.
537 1817 581 1884 de
611 1817 739 1884 Ioanne
764 1817 938 1897 sacerdote
964 1835 1080 1884 earum
1108 1823 1294 1906 regionum

313 1947 496 2031 praecipue
513 1938 695 2007 doctissimi
707 1939 815 2028 Hydii
828 1943 1075 2008 adnotationes
1090 1941 1138 2004 ad
1146 1939 1295 2006 Perizol.
1348 1981 1349 1984 =

314 2087 349 2146 p.
368 2058 435 2130 153
452 2061 473 2126 l.
490 2075 523 2130 et
537 2061 740 2126 Marianum
757 2061 934 2144 Senatum
947 2057 1138 2127 Torlollam
1152 2065 1190 2124 iu
1201 2057 1296 2127 Bon·

315 2181 411 2272 garſs
425 2181 511 2271 gest.
528 2182 594 2249 Dei
613 2203 679 2284 per
692 2181 843 2249 Francos
858 2171 898 2260 ¹2,
930 2177 1010 2251 185.
1021 2176 1050 2262 )·
1101 2181 1218 2283 Quum
1241 2205 1297 2247 au·

316 2317 389 2370 tem
415 2325 434 2368 a
457 2299 667 2370 Nestorianis
694 2315 788 2369 totns
815 2309 1050 2392 cognitionum
1076 2305 1224 2371 ambitus
1255 2305 1298 2370 ad

229 2435 232 2442 '
278 2475 281 2481 -
317 2425 452 2498 Arabas
478 2431 671 2506 transierit,
705 2425 773 2492 hoc
798 2431 903 2492 etiam
931 2429 1183 2490 commercium
1216 2449 1297 2492 cum

253 2575 259 2596 ·
318 2543 398 2616 Aba
422 2545 606 2626 orientali,
621 2547 674 2614 tel
695 2545 848 2614 terrestri
870 2551 1146 2636 peregrinatione
1162 2568 1235 2634 per
1245 2569 1299 2610 re·

320 2675 459 2759 gionem
481 2666 745 2735 Transnxanam
771 2683 805 2734 et
828 2667 996 2734 desertum
1014 2651 1261 2753 Kaptlchack
1251 2689 1299 2733 m-

320 2787 452 2869 stitute,
477 2787 530 2856 vel
543 2792 812 2876 navigationibus
827 2789 1115 2876 frequentioribus
1131 2785 1301 2852 aBoilora

321 2914 364 2979 ad
389 2911 598 2988 (lantonem,
628 2909 808 2978 immensas
835 2909 910 2996 ipius
936 2907 1047 2975 attulit
1068 2903 1186 2972 Indiae
1211 2907 1300 2972 ultra

322 3033 476 3122 Gangem
493 3029 568 3096 sitae
583 3038 618 3094 et
632 3027 760 3094 Chinae
777 3027 876 3116 ipfius
892 3029 1035 3114 diuitias·

395 3151 501 3219 Primi
517 3151 589 3218 fere
605 3147 755 3243 Arabes?
776 3155 833 3233 qui
849 3146 932 3214 hoec
947 3143 1232 3214 Nestorianorum
1249 3167 1306 3212 ve·

322 3265 418 3360 stigia
440 3271 741 3362 persequerentur,
766 3267 937 3350 Wahabus
955 3283 990 3334 et
1004 3261 1206 3336 Abuzeidus
1221 3267 1302 3334 laec.

323 3387 382 3454 IX.
403 3389 559 3468 fuerunt,
592 3413 737 3475 quorum
757 3397 823 3456 iter
840 3396 875 3456 in
893 3387 1075 3457 orientales
1092 3385 1190 3456 Aliae
1205 3389 1306 3454 ditio

323 3526 385 3574 nes
401 3516 570 3599 egregiam
585 3511 731 3598 protulit
744 3507 938 3588 historiam,
957 3533 976 3576 a
993 3507 1216 3578 &modom
1230 3527 1306 3573 ver·

325 3627 393 3696 sam
417 3627 626 3710 (Anciennes
652 3633 821 3698 relations
848 3629 1031 3699 dosiades
1054 3647 1092 3696 et
1108 3633 1152 3696 de
1170 3633 1206 3694 ia
1225 3623 1304 3692 Clui-

327 3772 386 3828 ne,
415 3743 519 3838 1718.
546 3743 672 3831 Parii.)
698 3773 798 3837 quum
814 3756 991 3844 immerito
1007 3751 1163 3818 nonnulli
1183 3749 1304 3836 luppo-

327 3869 460 3941 fititiam
482 3869 685 3940 habuerunt·
699 3868 719 3955 (
727 3873 938 3964 Deguigueu
960 3879 997 3938 in
1016 3866 1164 3942 Notioes
1182 3888 1219 3938 et
1237 3887 1306 3932 ex·
