2676 4818
239 449 247 464 “
353 469 383 560 4
772 417 857 534 nin.
891 467 920 536 1.
1020 467 1022 475 ·

436 675 638 744 Communis
661 669 701 743 ea
716 675 939 764 intelligentia
957 675 1000 741 ad
1017 672 1123 752 solum
1140 671 1236 742 nsum
1258 698 1322 764 qun

357 799 521 867 tidianum
545 804 676 864 intenta
699 797 741 862 ad
762 794 919 861 scientiae
941 797 1139 884 dignitatem
1162 795 1260 862 evehi
1281 819 1322 862 ne

358 939 525 1006 quaquam
546 916 697 1005 poterat,
730 913 786 1008 nili
803 915 977 981 liberalior
1000 928 1138 982 naturae
1161 915 1322 1004 adspecta

351 1037 573 1103 vmeditationi
605 1033 716 1099 ansam
740 1033 932 1125 praeberet.
994 1029 1098 1128 Quod
1124 1033 1251 1102 nostris
1281 1038 1322 1102 de

254 1189 263 1212 ι
357 1179 454 1220 mum
476 1157 691 1242 temporibus
713 1153 839 1220 factum
862 1151 923 1234 eit,
955 1179 1062 1242 quum
1077 1143 1323 1238 reilierbarian

310 1327 314 1341 s
357 1272 554 1362 disciplina,
588 1293 606 1338 a
627 1273 685 1340 vili
706 1275 766 1376 illo
790 1245 978 1364 quotidiani
993 1275 1069 1342 usus
1085 1274 1242 1366 respectu
1257 1273 1323 1340 libe

357 1417 416 1474 ra,
442 1397 564 1458 anniori
578 1387 690 1459 studio
707 1399 824 1482 agitari
842 1403 956 1486 eoepit
971 1410 1004 1461 et
1021 1395 1194 1460 nobiliori.

347 1597 352 1608 Ι
435 1513 554 1600 Neque
575 1517 751 1580 reticenda
778 1513 824 1580 est
849 1516 911 1582 alia
936 1515 1041 1586 caussa
1065 1517 1225 1606 impediti
1250 1535 1323 1602 apen

356 1636 484 1730 priscas
512 1649 630 1726 gentes
656 1635 755 1704 huius
783 1636 902 1719 stadii,
938 1639 1145 1704 mirabilium
1174 1643 1323 1704 nimirem*

358 1783 478 1838 amor,
517 1729 584 1844 Ι(μιο
610 1763 767 1826 irretitos
792 1761 946 1826 ridemus
975 1757 1142 1828 lrornines
1164 1761 1324 1830 literarun

358 1882 464 1948 rudes
481 1868 580 1964 arque
596 1881 637 1948 ab
651 1883 755 1966 animi
773 1856 866 1946 cnltsr
880 1878 1019 1946 alienes.
1067 1879 1216 1970 Capitur
1231 1885 1324 1948 omnia

262 1971 299 2060 ι..
358 2001 499 2068 infantia
521 2005 656 2088 generis
679 1995 815 2064 humani
837 2001 924 2064 adeo
946 2001 1197 2080 miraculorum
1218 2000 1324 2078 studio

358 2134 585 2206 utnusquam
608 2093 731 2184 caussas
753 2119 939 2198 naturales,
963 2120 1019 2186 led
1042 2123 1197 2191 divinam
1216 2125 1324 2208 ubique

360 2239 560 2314 efficaciam,
593 2252 720 2301 nexum
741 2259 905 2324 nusquam
928 2254 1067 2306 naturae
1089 2261 1253 2328 operam,
1282 2241 1324 2305 sed

349 2333 448 2446 ‚neira
473 2361 598 2444 ubique
621 2373 759 2444 quaerat
784 2379 822 2424 ae
846 2361 1069 2428 incredibilia.
1127 2363 1325 2438 Mutationea

359 2483 570 2572 specierum,
591 2457 690 2547 orins
706 2481 896 2570 plantarum
913 2505 956 2547 en
971 2482 1193 2566 animalibus,
1216 2490 1325 2550 anima

358 2605 400 2672 lis
417 2605 484 2692 ipsa
507 2603 743 2690 vegetabilium
765 2601 898 2670 indoles
919 2603 1066 2672 infantili
1081 2606 1223 2695 hannani
1239 2630 1325 2700 gene

359 2732 409 2793 ris
426 2737 534 2792 aetate
549 2724 737 2788 creduntur
755 2734 789 2788 et
804 2723 1043 2789 defenduntur.

439 2843 649 2922 ilistorieam
672 2841 861 2940 plantarum
889 2848 1123 2930 cognitionem
1150 2861 1257 2916 aetate
1280 2871 1325 2914 an.

359 2963 520 3034 recellere
554 2959 763 3058 physiologia
781 2959 971 3027 necessario
997 2964 1110 3030 debet.
1176 2965 1325 3034 Protinus

360 3093 453 3156 enim
474 3099 512 3150 at
532 3089 567 3148 in
584 3081 707 3148 caussas
721 3105 840 3150 rerum
857 3084 1056 3152 naturalium
1072 3093 1199 3174 inquiri
1213 3089 1325 3180 caepis

358 3209 428 3284 set,
460 3206 648 3298 plantarum
671 3209 789 3282 etiam,
822 3199 1018 3274 hominibus
1045 3212 1199 3296 quotidie
1223 3213 1325 3278 obvia·

358 3349 456 3408 rum,
477 3339 574 3422 ortps
589 3323 768 3390 homiuum
784 3339 916 3392 mentes
933 3333 1104 3396 excitavit·
1141 3329 1266 3398 Ortum
1280 3355 1325 3397 an·

309 3440 311 3446 ’
358 3459 432 3513 tem
455 3443 690 3532 vegetabilium
713 3465 897 3530 earumque
919 3459 1073 3514 naturam
1096 3451 1258 3522 infantilis
1279 3454 1325 3520 illa

361 3578 470 3639 aetaS,
503 3539 708 3649 comparatis
734 3555 868 3654 seniper
893 3567 1111 3649 animalibus,
1143 3593 1187 3636 ex
1211 3573 1325 3637 iisdem

306 3724 309 3740 ι
357 3681 597 3752 feneiontibus
615 3683 769 3750 deduxit.
819 3685 944 3752 luentia
960 3693 1051 3752 enim
1068 3687 1219 3758 humano
1235 3713 1325 3780 gene·

359 3811 450 3874 rien
474 3809 609 3876 carior,
642 3787 709 3888 qno
734 3805 851 3872 rudius
875 3783 939 3870 est:
970 3808 1217 3896 inexplicabilia
1240 3807 1325 3895 fagit

359 3924 548 3992 faciliorem
573 3923 697 4010 ubique
724 3917 971 4012 expositionem
994 3929 1032 3991 in
1056 3931 1184 3996 viribus
1210 3927 1325 3996 divinit
