2724 4820
303 528 376 607 23⁸
498 645 501 653 ¹
590 526 751 605 unm
799 468 990 601 'onem

300 745 373 812 ium
394 763 412 809 a
433 743 582 810 Seriane
605 742 730 808 Vener.
751 735 857 827 1496.
883 737 960 815 foi,
994 723 1282 825 pauca'con'tinet

300 879 336 930 et
355 883 473 952 parum
497 859 591 929 utilia
612 863 655 928 de
677 861 795 926 herbis
817 857 1053 925 officinalibus.

374 981 772 1071 Sedpraestantiifimus
800 987 954 1048 omnium
981 993 1162 1046 auctorum
1189 972 1281 1042 Ara·

173 1087 182 1106 ⁹
299 1107 380 1171 buin
397 1101 445 1172 est
461 1075 630 1171 Abdallah
646 1107 711 1170 ebn
726 1073 886 1169 Achmed
901 1099 1095 1168 Dhiaeddtu
1111 1097 1187 1164 Ebn
1202 1095 1283 1178 Bei-

299 1225 400 1298 char,
424 1221 766 1310 litingi-Hispanus.
809 1221 841 1286 ls
858 1223 983 1287 ardore
999 1215 1192 1285 incredibili
1207 1214 1281 1303 pul-

298 1339 370 1418 sus,
410 1357 522 1408 toturn
557 1349 747 1416 orientem,
788 1335 974 1408 herbarum
1007 1339 1280 1428 colligendarum

260 1507 267 1522 ,
299 1461 419 1540 caussa,
451 1467 687 1550 permigravit.
743 1459 876 1528 Vefirus
899 1463 980 1526 dein
997 1457 1186 1525 Kahirensrs
1215 1455 1283 1522 fuit

293 1579 382 1648 laec.
400 1579 489 1646 Xlll.
540 1579 779 1672 OpusipstuS,
815 1579 1054 1648 collectionem
1075 1577 1187 1646 bltens
1209 1601 1281 1644 am-

296 1701 474 1794 plissimam
492 1698 710 1791 bmplicium,
728 1703 810 1768 latet
827 1698 1017 1768 etiamnum
1028 1708 1065 1796 in
1080 1700 1160 1766 bibl.
1179 1697 1281 1766 Esou·

298 1819 427 1886 rinlenfi
457 1816 630 1916 (Castrir,
658 1817 777 1910 275·)⁶
827 1821 900 1912 lpse
922 1825 1060 1908 quidem
1084 1834 1206 1888 auctor
1230 1826 1282 1886 ni-

149 1993 156 2002 .
181 1985 184 1994 .
283 1937 348 2004 'hil
363 1940 550 2030 descripfit,
576 1941 635 2008 nii
654 1945 747 2027 ‚quod
761 1941 831 2030 ipse
848 1945 991 2018 viderit,
1017 1941 1103 2009 ultra
1117 1942 1186 2007 duo
1197 1939 1281 2024 mil·

295 2057 341 2124 lia
355 2059 548 2146 plantarum
564 2061 698 2128 addidit
717 2067 777 2140 iis,
808 2061 1127 2148 quas'Dioscorides
1148 2061 1279 2148 cogno·
1330 2080 1334 2088 ’

222 2163 226 2168 ’
290 2194 409 2258 uerat,
437 2186 550 2252 citatis
569 2191 689 2248 tamen
702 2187 829 2268 ubique
846 2179 1032 2252 maioribus
1053 2199 1088 2252 et
1107 2186 1277 2252 adiunctis

242 2375 248 2386 ,
290 2301 493 2394 nominibus
515 2296 706 2392 hispanicis.
766 2303 860 2370 Nihil
886 2305 1138 2394 magis-doleo,
1172 2327 1278 2388 quam

142 2429 148 2437 “
288 2418 389 2501 quod
416 2416 497 2523 haec
522 2426 574 2486 rei
599 2421 777 2490 herbariae
803 2422 942 2491 historia
967 2424 1211 2494 conscribenda
1237 2423 1277 2492 fit
1352 2521 1353 2530 ἵ

295 2541 419 2628 absque
442 2526 513 2606 ullo
534 2539 749 2610 Beitharidae
774 2547 985 2611 adiumento.

280 2665 294 2718 ·.
357 2657 505 2747 ngmen
522 2663 653 2730 claudat
669 2666 910 2756 Atuottactfus
926 2632 1158 2756 regnantes,
1178 2673 1275 2734 curus

292 2777 529 2848 memorabilia
568 2753 723 2878 'Aegypti
761 2809 780 2852 a
815 2787 936 2854 Wbirio
980 2790 1114 2854 arabice
1152 2781 1273 2854 Oxon.

297 2891 406 2990 1788.
433 2913 511 2968 eta
537 2904 666 2978 lVaHIio
693 2915 888 2995 germanice
916 2925 1024 2997 1790.
1043 2909 1161 2987 ¹edita,
1198 2925 1273 2974 non

286 3043 415 3111 paucas
439 3030 617 3092 continent
638 3027 769 3116 plantas
792 3037 929 3118 egregie
951 3027 1142 3096 illustratas.

368 3141 420 3206 En
442 3157 555 3212 totum
570 3146 719 3214 fontium
737 3151 920 3230 ambitum,
948 3154 1105 3237 equibus
1128 3149 1271 3238 sequens

288 3263 432 3358 syllabus
449 3268 695 3356 plantarum-ab
711 3265 884 3336 Arabibus
902 3275 1061 3360 inprimis
1074 3281 1135 3340 ‘aut
1153 3275 1272 3358 primo

290 3401 561 3454 memoratarum
577 3386 789 3476 conscriptus
806 3387 865 3456 est.
901 3388 1147 3478 Olimquidem
1161 3391 1273 3455 credi·

286 3501 334 3580 di,
349 3499 876 3596 ForuloleietNiebulriiopera
891 3509 1059 3578 summurn
1068 3509 1162 3597 posse
1174 3515 1273 3578 nuxi-

285 3617 370 3686 lium
384 3621 539 3701 adferre,
563 3623 727 3711 liquidem
742 3631 875 3694 arabica
896 3635 1038 3698 nomina
1060 3630 1128 3720 ipsa
1144 3631 1271 3720 planta-

285 3743 483 3810 rumindici
498 3743 636 3831 copioso
652 3747 856 3814 addiderint.
893 3750 1051 3820 Curatius
1064 3765 1177 3818 autem
1192 3773 1269 3818 exa·

287 3884 367 3928 men
381 3863 517 3944 docuit,
541 3885 613 3930 non
629 3887 751 3954 magna
767 3868 848 3934 inde
870 3869 1034 3960 speranda
1051 3870 1136 3946 esse,
1162 3891 1265 3954 quum
1306 3937 1312 3946 ,

285 3988 426 4053 uomina
440 3982 632 4072 plantarum
646 3985 719 4054 fere
737 3990 861 4074 ubique
878 3989 1037 4078 abalim,
1070 4014 1109 4060 ac
1133 3995 1173 4058 ab
1194 4009 1266 4058 ara·
