2724 4820
289 553 362 604 200
450 484 457 501 ¹
592 527 676 596 arn.
694 529 737 596 11.
788 523 890 596 cte.
905 526 962 596 111.

227 803 232 819 ,
291 733 413 804 Graeci
436 737 567 824 loquuti
589 736 712 818 esseut,
745 735 815 826 ipse
836 735 969 823 semper
987 720 1280 828 πράσον-ἰεὸετίι

292 876 327 928 et
343 829 487 950 perteus
505 863 749 941 interpretatus
768 857 873 924 suerit
896 851 915 938 (
926 881 999 943 22„
1018 849 1077 922 25.
1118 853 1185 932 alp,
1210 845 1267 920 15.

294 1003 363 1067 27,
390 975 423 1046 8.
432 975 461 1060 ).
510 975 628 1046 Taceo
642 980 756 1068 plura,
781 1001 867 1064 quae
884 977 942 1066 ipsi
960 980 1093 1042 obiecta
1108 973 1200 1046 sunt,
1225 985 1267 1036 ut

293 1101 579 1180 animadvertam,
611 1107 727 1190 paneis
755 1102 918 1167 duntaxat
943 1099 1065 1190 plantis
1090 1090 1266 1162 vastissimo

293 1217 363 1286 hoc
380 1243 486 1306 opere
499 1221 739 1310 locupletatam
758 1220 822 1288 else
836 1245 911 1320 rem
926 1219 1128 1284 herbariam.
1172 1214 1268 1308 Quae

294 1338 407 1411 studio
426 1343 558 1412 summo
581 1342 783 1434 investigans
800 1357 958 1428 tanquam
976 1362 1101 1414 novas,
1133 1351 1191 1404 aut
1206 1333 1269 1400 Pli-

294 1468 355 1532 nio
371 1463 483 1529 saltem
499 1464 689 1552 peculiares
704 1471 836 1544 inveni,
858 1463 920 1530 hae
933 1464 1007 1528 sere
1022 1461 1109 1526 lunt:

365 1585 482 1650 Salvia
499 1563 695 1655 Vennum
709 1609 775 1656 una
790 1609 868 1656 eum
883 1583 1042 1650 Verbena
1056 1579 1171 1666 supina
1191 1573 1271 1659 (25,

299 1705 356 1794 9.)
382 1717 565 1781 tractatur,
591 1708 678 1773 adeo
700 1708 859 1790 frequens
878 1715 1073 1795 pertatem
1094 1701 1270 1788 Europam

297 1824 497 1926 australem,
519 1840 553 1894 et
568 1833 695 1894 mirum
710 1827 838 1906 suisset,
854 1825 875 1892 fi
892 1825 1016 1892 Plinius
1029 1829 1100 1890 eins
1118 1846 1188 1888 non
1205 1845 1275 1888 rne-
1350 1895 1351 1905 χ

299 1947 456 2013 niiuilset.
490 1983 504 2012 .¹
539 1993 548 2010 ·
589 1947 777 2016 Valeriana
800 1951 922 2016 italica
944 1945 1038 2012 Lam.
1061 1939 1111 2010 eit
1138 1944 1276 2012 Nardm

301 2073 428 2132 cretica
455 2064 542 2144 (ιε,
563 2067 643 2146 12.)
669 2093 769 2154 qnam
785 2071 904 2138 Galen.
920 2068 1063 2158 compos
1079 2067 1278 2156 mediesee.

298 2186 376 2254 loca
392 2209 433 2274 9,
455 2189 489 2270 lp
506 2196 605 2256 etiam
623 2200 719 2260 citat:
745 2193 802 2258 sed
818 2191 1001 2282 descriptio
1016 2189 1114 2258 Plinii
1130 2211 1174 2256 ex
1189 2189 1278 2257 Dio·

300 2307 435 2378 seoride
461 2313 504 2380 de
524 2309 597 2380 Phu
618 2314 778 2382 desumta.
836 2313 889 2382 Cs.
909 2314 1025 2384 Panae
1051 2331 1156 2380 mont-
1178 2311 1278 2378 bald.

325 2437 369 2514 η’
400 2479 410 2498 .
436 2429 495 2502 50.
576 2489 579 2498 .

299 2455 324 2520 p
375 2453 609 2646 {riophorum
625 2553 690 2621 fine
706 2556 810 2628 dubio
827 2555 1096 2647 unguscffolium
1114 2551 1163 2620 est
1178 2577 1280 2621 arun·

143 2701 147 2710 ¹
204 2762 207 2776 Ι
302 2672 348 2738 do
367 2695 404 2740 ea
430 2672 522 2763 (19,
554 2672 608 2754 1.)
634 2699 733 2760 equa
750 2674 853 2742 vestes
871 2674 1104 2742 conficiantur.
1132 2720 1141 2737 .
1168 2723 1177 2740 .
1209 2677 1282 2742 Sti-

301 2815 347 2882 pu
369 2793 589 2888 tenacissima.
648 2797 765 2885 Sparti
789 2797 862 2864 usus
887 2819 948 2886 per
970 2796 1166 2886 Hispaniam
1184 2795 1280 2862 Afri·

302 2933 444 2996 eamque
467 2912 763 3004 Carthaginensem
795 2918 970 2984 uberrime
1004 2913 1093 3006 (19,
1129 2913 1186 2993 2.)
1223 2919 1282 2984 de-

300 3031 479 3110 scribitur,
504 3051 540 3102 ut
555 3059 695 3124 gramen
712 3038 748 3102 id
765 3042 911 3102 ocreatis
927 3039 1083 3102 cruribus
1104 3043 1280 3124 textisque

301 3160 461 3234 inuncta,
487 3156 687 3246 iligneisque
713 3162 924 3224 curamentis
944 3156 1185 3236 convolvatur,
1212 3182 1281 3224 ma-

302 3292 439 3344 ceretur
463 3281 561 3346 etad
586 3283 764 3344 innumera
788 3285 874 3346 vitae
892 3275 1053 3344 ‹lelideria
1068 3277 1279 3346 atlhibeatur.

303 3393 356 3462 Cs.
380 3399 531 3486 Fischers
558 3401 724 3466 Genrdlde
747 3425 813 3466 uon
841 3397 1005 3468 [letenna
1032 3417 1072 3482 1,
1111 3399 1192 3482 164
1226 3449 1235 3466 .
1269 3449 1280 3466 .

302 3515 470 3588 Particum
492 3522 685 3585 milimeum
709 3537 743 3588 et
768 3523 927 3588 italicum
954 3513 1040 3600 (18,
1067 3522 1125 3608 7.)
1151 3528 1197 3590 ita
1215 3525 1281 3590 dis·
1310 3523 1314 3536 '

303 3643 525 3727 tinguuntur,
550 3653 587 3706 ut
606 3641 689 3707 illud
713 3665 730 3705 a
748 3643 910 3728 paniculis
928 3644 1078 3718 dictum,
1106 3647 1281 3714 cacumine

302 3762 461 3852 languide
474 3773 621 3838 nutante,
642 3761 812 3847 paullatim
828 3777 1011 3829 extenuato
1026 3764 1154 3838 culmo,
1174 3781 1281 3849 paene

302 3889 337 3952 in
362 3881 529 3950 surculum
554 3881 743 3970 praedensis
763 3897 939 3949 acervatur
955 3890 1087 3974 graniS,
1114 3907 1192 3950 eum
1210 3882 1282 3950 lou·

302 4003 430 4096 gilstein
444 4001 556 4096 pedali
571 4000 700 4096 phebe:
725 4005 814 4072 milii
830 4023 912 4071 vero
934 4001 1066 4092 (panici
1082 4003 1190 4104 italici
1196 4012 1208 4087 j
1224 4019 1281 4064 eo·
