2728 4816
8 541 15 560 '
133 561 472 674 sonnerunt..
498 569 589 644 uro.
617 571 947 679 momentus.¹
977 577 1052 682 tay

71 795 135 858 qne
154 787 189 840 et
206 775 356 857 Arabes,
379 792 418 846 ut
433 782 694 868 compilatores,
721 757 843 873 quibus
858 815 974 878 rernm
993 795 1052 862 de·

25 922 37 953 ι
67 893 171 960 luerit
194 905 364 985 cognitio,
396 903 650 990 repracsentare
675 891 805 981 studuit
837 912 1048 1004 (opuscula.

67 1013 440 1098 ven0o155a.t01.).
492 1023 645 1093 Maxime
667 1027 892 1120 Serapionem
916 1038 1048 1126 adgres-
1100 1058 1104 1069 ’
1160 1123 1164 1132 ¹

64 1131 113 1200 sus
136 1133 200 1214 est,
227 1137 348 1230 utpote
370 1148 468 1242 cuius
483 1149 658 1216 erroribus
682 1163 735 1218 tot
755 1168 891 1241 tamque
908 1157 1046 1250 insignia

2 1247 5 1261 '
62 1254 184 1322 danrna
206 1264 242 1324 in
260 1257 395 1328 salutem
414 1262 594 1330 humanam
612 1287 766 1340 manmit:
796 1277 908 1364 passim
928 1295 1044 1362 tamen
1095 1301 1099 1316 '

62 1381 161 1442 etiam
181 1375 324 1446 Plinium
342 1384 553 1470 adgreditur.
605 1353 858 1464 Arlstolochiae
873 1405 1043 1476 rotundae

59 1495 212 1564 radicem
236 1523 312 1568 eum
332 1501 529 1598 Cyclarnine
547 1519 781 1592 commutaris
801 1515 868 1586 hoc
886 1529 976 1590 enim
997 1527 1042 1596 ad

59 1617 167 1704 pisces
196 1626 389 1698 enecandos
417 1625 583 1694 adhiberi.
634 1629 742 1721 Frage
765 1637 927 1708 trifolium
953 1647 1054 1716 male*
1074 1617 1093 1682 ἠ·
1113 1625 1140 1660 ”
1201 1643 1207 1650 ’

59 1741 222 1809 confundi
240 1768 318 1811 cum
336 1743 489 1814 Trifolio
506 1745 679 1838 fragifero.
722 1754 818 1838 ,llene
844 1765 926 1830 uidit
941 1790 1039 1838 erro·
1090 1769 1094 1798 ²

56 1883 109 1928 res
130 1861 369 1934 Arabistarum
393 1867 605 1944 miscentium
627 1872 744 1940 lsatida
761 1899 844 1958 ficum
866 1882 1038 1974 lndigole-

54 2004 89 2048 ra
116 1997 152 2050 ct
173 1983 325 2052 Doliche
350 1983 483 2057 Lablab.
529 1975 720 2080 Carpellum
742 1993 860 2064 Galeas
886 2001 1036 2078 alienum

54 2103 115 2171 esse
148 2105 351 2180 aCubebis.
413 2105 552 2176 Lolium
582 2119 701 2184 tritico
733 2125 876 2186 noxium
907 2119 1033 2200 eodem
1079 2155 1081 2162 ’

54 2229 159 2294 niodo
193 2241 376 2318 perperam
402 2227 528 2299 Plinius
562 2234 714 2316 dixerat,
757 2262 826 2324 quo
852 2242 1032 2328 Culcutam
1149 2292 1167 2322 ,ι

52 2345 120 2414 aliis
147 2321 307 2437 plantis(
326 2350 595 2440 circumligando
617 2375 759 2444 nempe,
793 2339 884 2444 quod
913 2370 1029 2444 noster
1134 2401 1162 2418 .ι

12 2506 13 2515 1
50 2459 157 2534 taxat:
189 2468 271 2536 licet
295 2469 503 2556 Hermolaus
520 2471 848 2565 Plinium'excusara
872 2502 1030 2560 conetur.

50 2591 224 2660 Hederam
248 2605 284 2658 et
299 2589 426 2658 Cistum
453 2593 540 2660 male
562 2595 726 2666 confundi
747 2597 901 2672 al'linio.
952 2607 1028 2678 Cas
1125 2667 1134 2674 .

50 2709 120 2778 snm
138 2711 299 2780 Fistularn
314 2715 507 2782 veteribus
497 2723 706 2804 incognitam
723 2716 834 2800 fuisse,
857 2729 944 2811 male
957 2754 1025 2822 pro

48 2855 82 2898 ea
97 2825 216 2906 haberi
234 2829 400 2920 Siliquam
417 2835 550 2902 dulcem
577 2838 828 2916 (Ceratouiam
837 2843 850 2930 )

116 2953 314 3046 Saepissime
329 2963 529 3040 ceteroquin
542 2961 652 3028 bonus
669 2961 771 3029 senex
784 2968 921 3054 repetit,
939 2957 1023 3059 quae
1070 2961 1088 3000 '⁴

45 3071 144 3140 semel
159 3073 314 3162 dixeram
340 3090 431 3144 taxat
446 3083 548 3168 ctiam
563 3079 715 3162 Arabes,
742 3089 867 3170 absque
881 3091 945 3158 ulla
958 3093 1024 3161 lin·

45 3215 124 3280 gnae
146 3199 279 3261 notitia.
330 3193 391 3262 Sic
409 3196 606 3288 Avicennaa
630 3203 747 3266 obiicit
762 3203 1021 3282 Chamaelaeum

46 3335 118 3378 curn
138 3311 407 3382 Chamaeleonte
430 3317 665 3387 cornmutasse·
657 3319 898 3414 ‚Serapioni‚
928 3331 1021 3404 Tur
1055 3391 1058 3397 .

44 3435 114 3502 bith
126 3411 222 3504 snum
248 3435 400 3518 (Sefeli)
423 3439 517 3502 idern
532 3437 628 3504 seciss
602 3440 644 3506 sse
662 3460 739 3508 cum
756 3441 917 3540 Tripolin
932 3453 1019 3526 Dio
1109 3489 1116 3497 ·

41 3553 179 3628 scoridis
209 3559 458 3648 (Plumbaginc.
465 3557 491 3636 ).
543 3561 636 3629 Malo
650 3561 843 3634 saccharum
860 3551 1017 3648 Arabum

43 3676 210 3750 Graecis
201 3707 268 3749 ianr
291 3683 385 3750 fuisse
407 3696 538 3750 notum
601 3684 797 3758 Saliuucam
811 3709 844 3760 et
861 3697 1016 3772 Nardunt

42 3800 212 3884 celticam,
248 3829 347 3891 quam
371 3811 502 3896 optime
524 3797 649 3873 Plinius
672 3811 894 3892 distinxerat,
927 3841 1016 3886 eam

39 3916 116 3984 dem
134 3921 198 3990 esse
217 3924 378 4012 plantam

108 4041 175 4110 His
191 4046 331 4132 quidem
344 4045 524 4114 audacibus
542 4065 585 4112 eo
600 4065 683 4114 aero
698 4039 1014 4139 sententiissaotum
1060 4087 1062 4094 ’

763 4190 810 4236 ao
837 4166 883 4210 *²
