2724 4820
22 465 258 542 mnium.
286 467 463 611 curam
501 463 974 552 tnauuuuusunnu.
1011 493 1087 564 ιι,
1192 513 1194 521 -
1313 489 1318 514 ·

485 663 589 725 cte
628 666 693 720 rv
801 711 807 720 .

216 795 463 868 ARABUM
502 795 604 866 RES
644 757 1001 870 HERBARIA.

20 3 249 297 ⁵²

17 604 153 945 t

169 963 307 1056 Populo
322 969 501 1052 bellicoso,
528 975 585 1056 qui
605 969 725 1039 surore
750 971 899 1059 quodam
920 969 1080 1062 religioso

100 1089 228 1156 cultum
244 1115 263 1156 a
278 1089 523 1162 hsoharnmede
539 1095 597 1167 suo
612 1102 789 1164 inventum
810 1097 887 1162 orbi
907 1109 1078 1162 terrarum

99 1211 209 1301 gladio
236 1217 383 1300 igneque
404 1215 591 1282 obtrudere
614 1215 797 1306 satagebat,
834 1209 889 1302 qdi
912 1213 1077 1281 inscitiam

99 1333 198 1422 ipsam
215 1347 250 1398 et
263 1331 381 1403 servile
398 1331 596 1421 obsequium
615 1361 694 1427 erga
713 1333 901 1428 prophetae
917 1354 1078 1426 praecep·

17 1516 21 1555 ,ι
99 1467 130 1519 ta
148 1458 307 1524 omnibus
322 1455 401 1534 huic
418 1457 522 1526 cultui
536 1459 679 1527 addictis
696 1459 911 1546 iniungebat,
936 1455 992 1522 tali
1015 1479 1076 1544 po·

18 1620 21 1631 ·
69 1661 73 1674 ,
99 1573 176 1664 pulo
202 1576 358 1646 scientiae
382 1569 594 1648 Grdecorurn
621 1595 656 1648 et
678 1579 914 1654 Romanorum
940 1575 1077 1666 placere

17 1744 21 1770 t
99 1719 158 1789 per
180 1698 213 1764 se
235 1723 305 1765 non
329 1717 527 1790 potuerunt.
579 1700 699 1788 Neque
721 1705 762 1768 iss
786 1721 933 1786 unquam
953 1699 1074 1763 imbuti

17 1791 18 1826 l
99 1817 218 1903 essent,
240 1827 276 1886 ni
294 1810 528 1912 providentiae
545 1825 676 1893 divinae
691 1821 857 1890 beneficio
872 1815 1075 1896 Nestoriani,

19 1946 23 1957 '
98 1943 276 2034 tyrannide
293 1943 492 2014 orthodoxa
506 1940 695 2013 Theodosii
710 1943 752 2012 ll.
775 1955 810 2010 et
827 1943 978 2010 Zenonis
991 1937 1074 2004 Isau·

98 2068 139 2128 rii
159 2087 177 2129 e
199 2067 384 2158 byzantino
400 2070 548 2152 irnperio
565 2067 664 2158 puls,
690 2067 732 2134 ad
747 2064 956 2158 Euphratem
979 2061 1072 2132 scho-

19 2275 20 2280 γ
98 2179 142 2248 las
158 2181 387 2262 instinrissent,
413 2188 534 2272 quibus
552 2201 688 2278 praeter
705 2187 917 2256 dialecticam
938 2197 973 2250 et
994 2179 1073 2250 rhe·
1102 2263 1106 2282 Ι

19 2307 20 2318 ’
98 2309 239 2370 tonicam
258 2319 292 2371 et
307 2329 361 2373 ars
381 2308 514 2386 medica
529 2310 733 2389 doceretur,
758 2289 939 2399 dignitates
955 2305 1073 2372 acade-

96 2431 201 2498 micae
218 2429 524 2509 distribuerentur,
550 2445 584 2496 et
596 2445 750 2498 veterum
765 2429 978 2494 Graecorum
992 2423 1073 2495 libri

14 2625 16 2636 ‚
99 2549 263 2619 dialectici
280 2566 315 2620 et
329 2549 553 2642 philosophici
569 2559 606 2616 in
622 2549 802 2646 Syriacum
817 2542 948 2618 idiohra
962 2561 1072 2618 verte·

98 2687 212 2742 rentur
238 2671 428 2761 (Affirmani
443 2675 521 2746 bill.
537 2677 716 2760 ariennd,
742 2675 815 2764 940
832 2665 909 2754 Β).4

167 2859 364 2960 Nestoriani
384 2865 530 2954 medici,
561 2876 596 2928 et
617 2863 810 2930 eruditione
832 2871 866 2924 et
885 2855 944 2924 usu
961 2868 1072 2922 tanto·

98 3007 175 3074 pere
201 2989 393 3080 superiores
419 2989 560 3053 rudibus
581 2982 754 3054 Arabibus
781 2983 998 3057 videbantur,
1033 2989 1072 3044 ut

97 3105 190 3194 ipsius
217 3101 404 3195 prophetae
425 3105 562 3174 laudern
590 3119 808 3193 merereptoa
843 3098 1069 3186 (Abulferug.

100 3225 170 3310 sust.
193 3227 329 3316 clynofi.
347 3251 379 3315 p.
401 3222 521 3306 158.).
574 3224 739 3293 Summus
761 3244 845 3289 vero
865 3241 986 3287 eorum
1003 3215 1071 3280 fau-

99 3357 150 3414 tor
169 3349 235 3416 fuit
249 3347 433 3416 Almansor
456 3347 578 3427 Calisa,
605 3354 678 3434 qui,
702 3349 860 3434 protinus
886 3354 923 3408 ut
948 3341 1070 3406 urbcnt

98 3477 183 3555 pacis
206 3467 402 3560 Bagdadum
427 3465 647 3547 condidisset,
678 3472 770 3556 pacis
787 3457 994 3531 ctiam'arted
1011 3481 1071 3548 po·

98 3591 172 3676 pulo
195 3589 254 3658 suo
277 3593 436 3659 amabiles
458 3592 605 3658 reddere
634 3567 777 3657 conatus
799 3583 847 3650 esi
874 3581 1070 3666 (Ehizuaiu.

15 3711 17 3716 ’
100 3712 167 3798 hsst.
191 3715 355 3804 Saraceu.
374 3737 414 3795 a,
449 3707 540 3796 4.).
580 3711 650 3804 Qui
671 3708 910 3801 Almansorent
942 3703 1074 3786 sequuti

98 3831 182 3916 sunt,
230 3839 384 3932 Harruni
401 3873 414 3888 ·
431 3835 616 3902 Arraschid
635 3851 675 3900 'et
701 3833 851 3900 lurnmus
876 3827 1073 3902 Almanrun,

102 3956 216 4024 eodem
239 3960 364 4025 ardore
388 3953 536 4037 scholae,
562 3963 645 4048 imo·
656 3951 863 4022 Academias
882 3971 940 4038 por
959 3957 1090 4068 totum¹
