2728 4816
335 508 414 610 aaa
461 511 549 584 nn.
562 513 624 584 w.
657 509 759 584 oue.
774 513 819 580 11.
861 504 1236 592 insomnium.

182 771 189 780 -
266 815 270 824 Ι
335 721 426 800 ium,
453 720 634 792 Cratevam
647 727 683 788 et
702 717 829 789 librum
843 717 1056 817 Kyranidum
1072 743 1177 809 usque
1199 723 1298 788 omnia

334 839 484 933 legerat3
518 839 807 910 exercitatiffimus
833 849 935 908 etiam
958 849 997 908 in
1019 841 1143 932 plantis
1158 841 1298 928 indagan-

336 961 402 1030 dis.
460 957 630 1028 Corsicam
654 960 787 1028 viderat
813 974 848 1026 et
872 957 1086 1038 Sardiniam,
1121 975 1299 1045 ceterasque

334 1081 449 1152 Italiae
465 1094 598 1172 partes;
633 1079 850 1150 Sclavoniam
866 1082 1014 1150 multum
1032 1085 1157 1176 diuque
1181 1084 1299 1172 perqui-

334 1202 472 1278 iverat,
505 1206 541 1267 in
563 1201 666 1270 Creta
687 1225 750 1293 per
772 1205 902 1292 aliquot
923 1225 1031 1272 annos
1053 1217 1206 1274 moratus
1227 1211 1299 1282 erat,

334 1328 394 1396 ubi
410 1347 429 1392 a
444 1319 600 1392 Roberto
615 1318 857 1402 Constantino,
892 1321 1111 1404 rhizotomo,
1143 1319 1300 1388 multidi-

308 1453 310 1456 ’
336 1447 485 1524 diceret,
512 1439 588 1532 post
601 1439 729 1512 Patavii
747 1445 942 1512 doctrinam
959 1446 1001 1510 de
1018 1443 1219 1534 simplicibus
1233 1463 1300 1532 pro·

335 1565 435 1634 serius
451 1561 516 1644 est,
537 1561 645 1630 horto
661 1563 827 1652 praemit,
847 1563 905 1630 sed
923 1563 1076 1654 pluribus
1092 1563 1230 1640 exosus,
1240 1581 1301 1626 mu·

335 1707 421 1760 uere
429 1685 586 1754 abdicato
594 1683 912 1764 Ferraram‘tendit,
927 1687 984 1752 ubi
993 1686 1137 1782 denatus
1152 1672 1302 1768 est1570.

409 1806 528 1874 Italico
545 1803 702 1872 sermone
717 1802 919 1871 rarisfimum
936 1827 1027 1872 nuno
1043 1802 1170 1872 lib'rum
1185 1805 1227 1870 de
1230 1797 1299 1896 sm·

335 1929 419 2022 plici
442 1928 564 1993 Venet.
584 1919 692 1992 1561.
719 1917 755 1990 8.
783 1926 910 2003 edidit,
935 1928 994 1994 ubi
1008 1923 1075 1992 fine
1088 1927 1210 1994 ordino
1223 1919 1301 2012 plan·

334 2063 387 2118 tas
402 2051 642 2132 antiquorum,
666 2067 739 2111 uon
753 2045 855 2114 solius
871 2045 1108 2126 Dioscuridis,
1133 2045 1189 2114 fed
1211 2041 1302 2126 ,serio

334 2189 417 2238 runi
441 2171 543 2234 otiam
569 2171 743 2248 omnium,
783 2173 975 2256 percurrit,
1017 2189 1167 2254 cumque
1192 2163 1301 2230 viderit
1346 2159 1347 2246 p

227 2263 230 2270 ³
334 2289 513 2380 plorasque
533 2300 659 2367 terras,
696 2309 838 2372 quarum
855 2285 985 2377 plantas
1002 2293 1135 2376 antiqui
1150 2301 1302 2352 memora·

304 2467 306 2474 ,
335 2393 435 2490 nuit,
468 2411 595 2474 eximie
621 2405 840 2502 plerumque,
875 2405 1030 2477 modeste
1059 2421 1094 2476 et
1119 2403 1302 2498 pererudite

214 2583 221 2596 ,
334 2529 472 2598 iudicat.
529 2527 724 2596 Innumeris
748 2530 835 2600 locis
851 2530 977 2621 ¹supra,
1008 2532 1053 2596 ad
1073 2525 1303 2597 Dioscoridem

334 2653 540 2744 praeprimis
557 2661 592 2714 et
608 2647 774 2728 Plinium,
806 2656 927 2718 citatus
951 2650 1033 2717 fuit:
1057 2647 1140 2719 hinc
1161 2659 1305 2736 repeten-

335 2772 380 2852 da
395 2792 465 2836 non
481 2767 572 2848 sunt,
598 2791 683 2856 quae
700 2770 835 2860 copiose
851 2773 893 2838 de
911 2777 1059 2840 iuuentis
1076 2773 1120 2836 ab
1137 2792 1179 2836 eo
1195 2767 1304 2858 plantis

335 2895 585 2980 praecepimus.
628 2889 740 2984 Quem
757 2889 911 2958 modeste
925 2892 1214 2982 reprehenderat,
1231 2887 1304 2956 Mat·

335 3009 464 3080 thiolns
487 3015 673 3080 acerrimus
695 3025 809 3078 tamen
827 3011 885 3102 ipsi
902 3012 1113 3082 adversarius
1130 3013 1211 3094 fuit,
1236 3029 1305 3076 con·
1345 3035 1346 3098 3

335 3136 426 3200 vitiis
442 3130 570 3222 saepius
588 3146 622 3202 et
640 3133 856 3200 contumeliis
872 3138 1041 3218 obruens,
1068 3157 1153 3222 quas
1172 3133 1304 3200 eximius
1345 3109 1346 3187 i

335 3271 457 3324 auctor
483 3275 555 3322 non
576 3268 741 3321 meretur.
792 3253 872 3322 Non
895 3279 1021 3346 paucae
1045 3230 1183 3348 plantae
1207 3265 1305 3318 novae

337 3387 541 3452 occurrunt,
565 3396 596 3439 e.
608 3395 660 3462 g.:
681 3371 877 3442 'Salicoruia
897 3373 1305 3466 frusicosa...1asminmn

336 3489 594 3586 grandifiorum.
609 3537 618 3558 .
634 3537 643 3556 .
661 3488 775 3564 Salvia
789 3495 958 3584 pomifera
973 3491 1231 3586 (φασκομηλία,
1243 3489 1304 3556 Sib-

338 3617 452 3702 shorp.
464 3611 550 3706 flor.
571 3633 688 3710 graec.
716 3603 884 3694 c.15.).'.
910 3662 919 3680 .
951 3614 1151 3704 Globnlario
1171 3613 1305 3700 vulgaris

336 3725 622 3822 (Aphyliautes).
655 3773 665 3796 .
699 3776 709 3796 .
741 3723 902 3822 Plantago
929 3733 999 3802 aira
1040 3713 1306 3824 (Psylli'umpriss

336 3845 470 3932 mum).
497 3895 505 3914 ·
531 3895 540 3912 ·
567 3847 837 3940 Camphoroima
864 3853 1093 3946 mouspeliaca
1124 3850 1304 3935 (Chnmae-

336 3967 482 4072 penori
499 4014 509 4040 ·
531 4019 539 4038 .
562 3969 771 4042 Alchemiiia
786 3961 906 4068 alpina
921 3973 1175 4067 (Pentephylio
1192 3991 1305 4066 urgeo·
1344 3981 1345 4001 ¹
