2728 4816
7 467 10 489 ¹
118 533 331 664 exenta.
383 535 931 610 onininsnnconcnaa.
972 523 1051 606 aas
1166 478 1169 484 ⁵

71 757 147 820 rum
169 719 405 829 Bononiensis,
436 749 576 816 demum
599 743 703 814 Pisani
729 737 934 838 (†1'556.).
972 747 1051 825 ,Ex-

71 877 175 938 imius
196 877 225 937 is
243 871 433 958 plantarum
451 871 645 960 indagator,
675 869 859 938 hortorum
874 874 1051 940 botanico·

40 1053 44 1060 .
71 1013 150 1059 rum
175 989 325 1060 Patavini
349 999 476 1080 pariter
499 1015 535 1058 ac
559 989 663 1058 Pisani
685 1003 822 1072 auctor,
857 1005 948 1060 tanta
967 973 1050 1062 nte
1115 1033 1119 1051 ·

71 1115 205 1212 ralitate
227 1115 302 1182 usus
326 1113 374 1180 est
401 1137 480 1204 erga
504 1113 742 1194 Matthiolum,
774 1129 830 1194 nt,
866 1135 946 1202 quas
967 1115 1050 1203 ipse,

70 1234 269 1323 amplisfima
287 1233 508 1314 collectione,
535 1233 731 1301 describere
743 1213 800 1301 libi
816 1233 1050 1324 proposuerat,

70 1357 203 1447 plantas
238 1374 357 1424 omnes
390 1353 576 1421 Matthiolo
614 1355 778 1434 donaret,
823 1355 1050 1424 doctillimaor
1117 1333 1121 1350 ι

70 1480 174 1546 etiam
191 1491 289 1564 atque
302 1473 530 1563 aequiffimum
544 1475 743 1565 adiungeret
752 1483 1051 1546 commentarium.

72 1595 235 1684 „Scio,“
267 1604 378 1684 inquit
395 1595 610 1666 Maerhiolns
636 1593 757 1688 (epist.
772 1621 801 1678 r,
815 1593 934 1678 ¹118.)
965 1621 1051 1681 „mo

71 1724 288 1802 „miximam
308 1717 479 1806 'accepisse
510 1723 695 1798 iacturam,
734 1739 812 1784 cum
842 1717 926 1784 mihi
950 1730 972 1786 'e
1001 1726 1049 1788 vi·

69 1848 151 1922 ,vis
164 1839 308 1908 sublatus
326 1837 374 1906 est
387 1837 553 1918 Ghinius,
565 1844 601 1904 in
619 1861 688 1924 quo
699 1833 871 1906 maximae
886 1853 920 1905 et
936 1861 1064 1926 qnam-x

71 1931 412 2054 „plnres'fnlgebant
434 1965 539 2026 animi
559 1961 676 2040 dates,
709 1965 800 2027 inter
822 1981 903 2046 quas
919 1965 1051 2048 praeci-

69 2053 215 2175 „pu‘uml
228 2083 342 2150 locam
363 2081 420 2147 libi
446 2083 668 2148 vendicabant
690 2087 888 2172 integritas,
916 2080 1051 2148 finceri·

72 2219 172 2290 „tas,
205 2205 414 2283 humanitas,
445 2203 541 2270 fides.
591 2203 688 2270 Nulla
701 2225 852 2290 unquam
868 2209 904 2270 in
921 2227 964 2273 eo
985 2205 1051 2272 init
1136 2225 1143 2236 ¹

69 2327 251 2409 '„invidia.·
286 2323 391 2392 Cuius
408 2333 460 2391 rei
474 2323 547 2392 ¹hoc
568 2331 758 2392 maximum
781 2329 940 2396 omnibus
954 2349 1051 2418 prae·

72 2429 397 2528 „bebitindiciurm
431 2443 540 2530 qnod,
572 2461 675 2528 quum
692 2443 891 2512 decrevisset
908 2445 1050 2514 volumi·
1094 2478 1097 2488 =

72 2589 146 2652 „na
169 2565 351 2652 quaedam,
385 2585 471 2648 qnae
494 2565 537 2628 de
552 2563 675 2653 plantis
693 2563 954 2652 conscripserat,
984 2581 1051 2634 an'a

73 2707 182 2772 „cum
198 2685 400 2772 imaginibus
417 2689 453 2750 in
467 2683 580 2750 lucem
598 2686 718 2764 edere,
731 2683 806 2754 vifis
822 2684 1051 2776 perlectisque
1143 2715 1148 2730 ·
1231 2688 1235 2696 '

71 2811 359 2890 „commentariis
372 2802 511 2882 nostris,
530 2827 600 2872 non
617 2803 724 2872 solnm
741 2807 783 2872 ad
799 2829 855 2871 me
870 2807 1051 2895 gratulato-

73 2973 94 3011 „
101 2933 171 2992 rias
188 2921 315 3012 scripit
328 2923 462 2998 literas,
487 2923 579 3008 quo'd
595 2922 701 3012 ipsam
719 2933 977 3012 praevenerim,
1001 2935 1053 3018 ip·

74 3047 237 3133 „fiasque
257 3041 499 3110 sublevaverim
522 3041 675 3117 labores',
707 3039 764 3106 led
781 3045 1052 3133 quamplurimas
1190 3077 1195 3086 ·

73 3165 193 3254 „milit
209 3163 359 3253 plantas,
391 3183 473 3249 quas
487 3161 537 3228 illi
558 3161 633 3228 lano
653 3159 769 3226 refero
792 3132 963 3252 acceptas,
993 3169 1052 3236 ubi

73 3313 221 3374 „earam
244 3287 447 3374 imaginibus
471 3281 628 3350 nostrum
658 3287 854 3349 ornavimus
879 3283 1053 3356 Dioscoriss

74 3401 227 3491 „dem.“
288 3401 404 3470 Simili
435 3401 533 3466 laude
565 3421 643 3466 eum
677 3399 812 3467 extollit
845 3405 1051 3495 dignissimus

75 3534 147 3596 eius
171 3523 352 3615 discipulus
373 3517 525 3588 Bartlrol.
541 3519 710 3588 Murenae
740 3517 761 3604 (
769 3525 872 3592 rnetlc
895 3529 1050 3620 cognosc.

66 3645 182 3740 fimet·
205 3671 239 3736 v·
255 3642 290 3710 3·
317 3646 351 3726 4·
362 3641 391 3724 )·

147 3765 281 3834 Unicus
301 3765 391 3846 iere,
423 3769 480 3851 qui
499 3759 663 3828 Ghinium
682 3767 782 3853 parvi
803 3761 902 3841 facit,
930 3763 1054 3832 succel-
1178 3826 1181 3838 ,

72 3885 130 3956 ior
145 3893 220 3954 eius
237 3883 362 3955 Patavii
378 3883 445 3962 est,
477 3881 637 3980 Aloystus
664 3882 960 3948 Antoninian
984 3881 1053 3950 Ro-

71 4013 216 4084 inaons,
244 4005 490 4074 eruditissimas
515 4009 586 4086 vir,
619 4007 677 4092 qni
702 4003 745 4068 ad
771 4001 956 4072 Caliacum
981 4003 1054 4072 Bit
1088 4029 1091 4036 ’
