2724 4820
315 515 388 618 '196
612 519 697 589 Ltn
714 519 755 588 11.
808 514 986 588 canui.
1066 545 1068 554 ,

316 733 478 822 operibus
494 723 680 816 proficisci,
702 724 758 791 sed
775 744 914 792 errores
929 731 1046 813 genuit
1060 727 1229 815 plurimos
1243 733 1291 794 ni.-

316 859 384 920 mia
399 853 606 938 antiquitatis
621 853 823 914 auctoritas:
853 869 937 932 quae
958 853 1196 915 reiecit‘etiam
1219 873 1292 916 om·

316 997 360 1042 ne
381 977 515 1049 aetatis,
542 969 777 1056 sontiumque,
808 971 964 1056 equibus
988 967 1156 1038 hauserint
1176 963 1307 1038 aucto?

263 1119 266 1128 ’
315 1117 390 1171 res,
415 1113 569 1158 examen.
619 1083 827 1155 Nostrorum
845 1101 958 1154 autem
975 1101 1173 1178 temporum
1190 1089 1295 1156 liber-

314 1229 367 1284 tas
387 1219 411 1279 ii
437 1217 585 1280 examini
614 1211 668 1278 vel
692 1215 843 1276 maxime
870 1207 976 1291 favet,
1009 1212 1045 1276 id
1074 1214 1166 1298 quod
1191 1213 1296 1278 nobis

318 1341 497 1417 doctrinae
513 1335 696 1412 ambitum,
724 1353 825 1417 quem
841 1335 879 1395 iu
894 1353 1040 1398 romano
1055 1330 1227 1421 scriptore
1245 1335 1297 1396 in·

317 1465 469 1532 venetic,
495 1453 584 1520 clare
601 1465 774 1540 exponet„

391 1580 490 1646 Caius
506 1575 641 1646 Plinius
657 1565 860 1648 Secundus,
886 1577 997 1639 maior
1020 1575 1151 1650 dictus,
1183 1579 1298 1662 petria

318 1695 542 1772 Veronensis,
573 1715 645 1761 non
660 1690 930 1762 Novocomensis
947 1693 1009 1760 suit
1034 1691 1052 1776 (
1062 1694 1093 1761 V
1093 1693 1151 1783 ⁰sſs
1172 1694 1295 1782 histor.

322 1827 382 1892 lar.
402 1845 430 1900 r,
466 1808 567 1908 29.)
599 1827 696 1882 natus
723 1810 870 1880 Tiberio
896 1813 1053 1894 Caesare,
1085 1839 1175 1882 anno
1196 1837 1297 1882 aerae

319 1941 453 2012 nostrae
479 1935 554 2014 23,
569 1949 679 2024 'patre
695 1933 834 2013 Celere,
865 1948 974 2000 matre
996 1935 1167 2002 Marcella.
1222 1931 1298 2000 Sub

319 2063 465 2132 Claudio
486 2055 651 2142 stipendia
671 2053 755 2120 fecit
777 2061 812 2120 in
837 2053 1038 2136 Germania,
1072 2056 1129 2122 sub
1153 2055 1298 2124 Nerone

319 2198 354 2254 et
369 2175 564 2266 Vespasiano
585 2195 690 2264 augur
711 2175 775 2241 snit
798 2191 833 2240 et
849 2192 1055 2264 procurator
1072 2185 1107 2244 iu
1123 2177 1300 2266 Hispania,

320 2305 460 2371 demum
487 2321 572 2366 vero
605 2295 799 2385 praefectus
832 2295 934 2364 elaffis
959 2297 1162 2364 Misenensis·
1231 2297 1298 2364 Vir

320 2429 417 2495 omni
447 2419 626 2488 literarum
653 2419 829 2506 disciplina
854 2417 1096 2498 ornatissimus,
1136 2417 1299 2487 lectionis

320 2547 512 2614 uberrimae
535 2541 681 2627 segetem
705 2537 896 2606 ditissimam
915 2545 949 2605 in
972 2541 1079 2608 libros
1103 2539 1179 2606 suos
1202 2563 1301 2609 rece-
1354 2571 1355 2636 ᾗ

263 2641 266 2650 ⁴
320 2673 387 2758 pit,
416 2663 508 2749 quod
523 2667 629 2750 magis
646 2661 844 2742 miraberis,
873 2649 1042 2742 triciens,
1066 2663 1162 2730 ilium
1178 2671 1301 2733 aetatis
1354 2645 1355 2678 ³

321 2787 395 2853 suae
413 2783 552 2872 tempus
578 2784 782 2872 impeditum
805 2763 1058 2868 distentumque
1085 2807 1150 2870 qua
1174 2785 1298 2852 officiis
1353 2855 1354 2860 ,

323 2910 500 2984 maximis,
534 2925 597 2988 qua
612 2907 807 2992 principum
823 2901 940 2968 favore
964 2884 1082 2992 egisse.¹
1123 2902 1300 2988 Sederat,
1353 2923 1354 2976 i

250 3101 253 3109 ,
324 3045 455 3098 utcurn
483 3017 751 3114 nepote·Plinio'
771 3029 900 3090 iuniori
937 3019 957 3105 (
965 3021 1120 3112 episc.5‚
1146 3021 1182 3094 5.
1189 3021 1210 3108 )
1248 3029 1298 3094 10-

325 3173 425 3237 quar,
459 3171 536 3214 acre
560 3151 753 3233 ingenium,
785 3141 933 3210 studium
959 3147 1180 3228 incredibile,
1214 3148 1301 3214 sum·

325 3293 382 3336 rna
402 3269 581 3357 vigilantia.
629 3265 825 3332 Lucubrare
847 3287 866 3332 a
888 3265 1126 3334 Vrdcaoalibus
1159 3267 1222 3347 (ab
1244 3293 1300 3336 au·
1352 3237 1353 3260 ἦ

325 3361 569 3478 ωιηῐιοέἱηιῑε)
596 3391 796 3484 incipiebat:
825 3392 862 3452 in
874 3393 1076 3470 itineribuS,
1104 3387 1189 3476 quali
1211 3389 1301 3458 solu·
1351 3439 1352 3476 2

327 3521 380 3574 tus
407 3511 530 3572 ceteris
556 3513 662 3596 curis,
699 3505 809 3574 studio
835 3507 895 3574 soli
928 3523 961 3574 et
984 3509 1127 3579 lectioni
1152 3479 1300 3580 vacabat.
1351 3505 1352 3561 l

326 3623 384 3694 Ad
408 3623 493 3689 latus
516 3629 669 3694 notarius
692 3649 770 3691 cum
791 3628 1028 3718 pugillaribu3‚
1060 3637 1158 3700 cuius
1179 3653 1301 3701 manus
1350 3709 1351 3721 χ

325 3746 438 3814 hierarc
466 3750 606 3812 manicis
629 3750 881 3826 muniebantur,
915 3763 1019 3816 utne
1044 3752 1133 3818 coeli
1160 3754 1298 3839 quidem
1350 3763 1351 3854 i

326 3869 483 3957 asperitas
500 3865 603 3931 ullum
626 3865 728 3932 studii
744 3881 879 3956 tempus
897 3877 1057 3960 eriperet.
1107 3872 1192 3938 Nam
1209 3879 1300 3962 peri·

326 4016 365 4058 re
379 4011 481 4056 ornne
497 3999 630 4078 tempus
645 3991 1004 4078 arbitrabatur,.quod
1019 3989 1138 4062 studiis
1151 4015 1222 4060 nou
1232 3998 1299 4058 im·
