2738 4816
203 599 206 606 .
263 529 603 616 tuvruronuu.
651 517 900 626 uenture·
990 509 1068 630 39⁸9

83 773 167 822 rum
194 753 275 823 sicet
295 757 469 840 ingentem
495 769 678 815 numerum
693 753 728 812 in
744 744 965 836 'operibus-ab
978 763 1069 810 auno

94 871 191 964 1576
209 876 308 941 editis
334 871 449 962 (stirp.
465 873 608 958 historia
624 891 660 939 et
677 875 792 938 icones
800 865 819 948 )
837 893 855 934 e
871 867 981 935 Clusio
997 891 1070 937 mu·

34 1059 39 1067 ,
87 1006 203 1060 tuatus
223 993 343 1072 suerit,
366 1015 485 1082 parem
506 1007 622 1060 tumen
648 989 1015 1080 copium'(praecipue
1030 993 1073 1058 iu.

87 1109 305 1190 adversariis)
321 1127 479 1200 tanquam
489 1111 546 1178 sibi
561 1112 783 1204 peculiarium
792 1125 891 1196 etque
899 1130 1070 1176 novarum

88 1233 363 1324 repraesentavit.
401 1237 577 1302 Fuitenim
589 1233 1071 1324 Lobeliusvirperegrinatic·

89 1357 208 1433 nibus,
223 1353 390 1435 lectione,
406 1361 564 1444 ingenio,
581 1357 764 1422 doctorum
780 1353 960 1422 homiuum
976 1377 1072 1424 cum·

89 1481 225 1542 inercie
249 1490 284 1540 et
305 1473 500 1562 amplissime
521 1475 711 1564 plantarum
734 1480 932 1563 cognitione
948 1475 1074 1559 clarus.

90 1621 163 1666 uno
181 1597 295 1662 saitem
315 1593 472 1664 Gesnero
490 1611 546 1664 aut
563 1595 671 1663 Clusio
695 1595 869 1666 secundus.
929 1597 1074 1668 Galliam
1156 1685 1161 1698 .

92 1703 275 1786 australem
286 1721 490 1810 praeprimis
506 1716 616 1786 studio
626 1717 758 1786 summo
767 1724 973 1808 peragravit,
989 1717 1075 1787 Nar·

90 1840 204 1906 bonae
228 1835 331 1902 Petro
353 1836 443 1906 Pena
465 1843 502 1902 in
523 1843 707 1904 amicitiem
732 1851 894 1926 recepto,
921 1859 1076 1922 quocum

91 1957 210 2049 postea
231 1981 337 2046 opera
357 1957 412 2024 sua
434 1961 551 2024 edidit.
602 1945 795 2026 Helvetiatn
812 1960 909 2034 dein,
935 1953 1078 2022 Germa·

91 2084 204 2160 niam,
230 2079 358 2146 ltaliam
373 2081 566 2160 borealem,
586 2087 777 2175 patriaeque
789 2083 983 2170 provincias
999 2099 1077 2168 per·
1124 2161 1125 2164 Ἴ

93 2207 266 2268 cucurrit:
299 2187 375 2292 post
402 2227 484 2282 veru
505 2187 622 2287 artem¹
636 2201 848 2290 sintverpiae
873 2215 908 2268 et
928 2197 1077 2290 Delphis

94 2330 263 2390 exercuit.
307 2321 623 2393 Turueriernicitia
634 2323 794 2412 Angliam
809 2323 978 2402 adlectus,
996 2321 1078 2390 hor·

90 2454 122 2516 ti
136 2444 372 2542 Hukueyenfis
393 2467 507 2512 curam
533 2425 696 2531 suscepit,
728 2441 893 2530 ipsiusque
916 2450 1008 2534 regis
1029 2443 1079 2509 sa·

93 2575 176 2646 cnbi
200 2575 377 2664 botanicuu
398 2581 537 2636 vocatus
562 2567 634 2634 fuit.
686 2565 838 2636 Ultimos
861 2573 947 2634 vitae
971 2587 1078 2634 annos

93 2692 192 2779 degit
207 2696 242 2754 in
260 2683 430 2778 Highg'ate
448 2713 555 2778 prope
565 2687 771 2764 Londinum,
791 2689 848 2752 ubi
862 2683 956 2752 1626
969 2689 1064 2754 obiit.

176 2807 330 2876 Primum
353 2833 439 2897 opus
466 2807 579 2876 sistunt
613 2807 798 2900 „stirpium
819 2831 907 2876 nova
930 2807 1051 2882 advers
1067 2839 1080 2856 ·

92 2927 180 3000 ria“
195 2929 342 2996 Londin.
363 2927 469 3018 1570.
488 2929 547 2994 sos.
567 2928 780 2996 Esizabethae
804 2935 941 3018 reginae
959 2932 1080 2996 dicata.

92 3049 246 3124 Accessit
272 3052 395 3118 deinde
421 3051 691 3117 adversariorum
718 3049 822 3117 altera
846 3067 935 3138 pars.
967 3045 1108 3136 Lond„

49 3189 53 3198 '
99 3167 212 3238 1605.
238 3169 297 3260 fos.
364 3170 638 3258 Antiquissimum
667 3185 781 3236 eutem
809 3163 842 3234 et
866 3167 1080 3238 clarissimum

92 3281 377 3392 complectuntur
402 3287 598 3377 exemplum
624 3285 779 3384 methodi
795 3289 969 3353 cuiusdam
986 3305 1081 3358 natu·

95 3409 191 3477 ralis.
232 3407 356 3496 Incipit
371 3411 636 3498 agramiuibus,
668 3409 786 3493 quibus
803 3411 911 3496 iungit
916 3407 1082 3498 frumen-

97 3551 160 3624 pa,
185 3531 398 3596 arundines:
423 3535 545 3595 transit
561 3530 601 3594 ad
619 3529 766 3606 Aeoror,
793 3527 850 3594 sub
875 3532 998 3615 quibus
1021 3541 1084 3602 mi-

15 3733 17 3740 .
95 3652 200 3730 litant
222 3649 351 3728 hides,
393 3647 637 3736 Scitamiueae;
656 3633 859 3738 'sequuntur
883 3649 980 3718 suari
1003 3675 1081 3742 cuni

102 3769 353 3864 Cpperoideis3
379 3771 584 3859 Aspsrudeli‚
615 3769 819 3866 Hyacinthi,
845 3767 1001 3850 Narcissi,
1027 3769 1082 3836 Lt-

97 3893 164 3970 lia,
190 3891 342 3978 ipsaeque
360 3889 551 3969 Orchides‚
577 3908 615 3958 ut
631 3893 727 3960 facile
745 3895 875 3968 videar,
901 3891 1083 3982 plerusque

83 4051 87 4058 ·
97 4009 441 4116 Muncco'tysedones
463 4014 569 4080 iidem
587 4013 726 4082 cohorti
741 4014 968 4080 adnumerari.
995 4009 1082 4102 'Eas
