2724 4820
298 531 370 630 1'98
596 533 741 605 sam-11.
803 527 906 606 CAP.
919 536 979 606 111.
1025 615 1028 620 ,

265 731 272 738 ’
293 752 408 813 tiones
431 747 669 810 commentarii
692 747 794 810 ctiam
818 743 1037 810 memorandi
1055 741 1148 823 sont,
1163 749 1271 823 ¹inter

296 887 383 952 quos
398 869 550 930 eminent
564 860 681 928 Claud.
698 859 857 953 Salmafii
871 858 1039 928 Plinianae
1055 866 1274 928 exercitatio·

294 1005 356 1053 nes
371 985 494 1052 Ultrai.
514 967 621 1068 ι1687.
647 983 726 1062 sol,
751 988 848 1050 onmi
863 1003 921 1047 eae
944 983 1081 1070 quidem
1095 978 1274 1048 doctrinae

260 1113 265 1124 ’
296 1127 422 1196 genere
439 1105 668 1182 abundanter,
700 1102 757 1170 sed
779 1117 813 1170 et
830 1101 921 1168 malo
939 1109 974 1168 in
990 1102 1135 1170 Plinium
1157 1105 1272 1168 animo

240 1251 243 1258 ·
296 1238 332 1292 et
356 1223 422 1291 sine
444 1227 568 1321 ordine
591 1221 744 1310 scriptae.
796 1223 951 1290 Maxime
970 1235 1084 1289 antem
1098 1227 1181 1289 vitio
1199 1243 1275 1288 ver-

296 1345 458 1424 tendum,
492 1345 585 1428 quod
606 1365 625 1410 a
639 1351 692 1412 rei
706 1343 884 1410 herbariae
898 1347 1096 1432 cognitione
1108 1342 1184 1410 fere
1198 1341 1275 1408 alie·

135 1483 144 1498 ¹
220 1497 225 1520 =
297 1485 361 1531 nus
386 1463 443 1532 tibi
466 1480 582 1546 tamen
604 1463 758 1534 sumserit
774 1465 817 1532 de
838 1463 961 1554 plantis
979 1478 1137 1530 veterum
1151 1463 1280 1546 iudica·

212 1590 214 1599 ’
298 1611 350 1654 ro.
403 1557 550 1656 vetites
571 1599 882 1662 commentatores,
913 1580 1126 1654 Hermolau's
1144 1583 1278 1652 Barba·
1329 1615 1335 1622 ·

297 1733 383 1784 rus,
417 1706 526 1774 Nicol
542 1705 752 1796 Leonicepus
768 1708 890 1794 aliique
912 1719 1046 1772 textum
1066 1707 1203 1794 quidem
1227 1727 1282 1772 ce-

299 1825 485 1918 stigarunt,
520 1829 563 1894 ed
588 1824 709 1894 sontes·
722 1825 891 1895 Plininnos
915 1832 1020 1918 primi
1044 1825 1282 1915 respexerunt,

298 1948 356 2016 sed
377 1955 429 2015 rei
455 1948 558 2015 etiam
581 1947 757 2016 herbariae
781 1947 949 2016 nonsatis
972 1951 1108 2036 experti
1128 1945 1281 2021 fuerunt,

283 2052 338 2137 ‘ut
356 2090 478 2135 eorum
496 2065 632 2156 vestigia
646 2081 724 2136 tuto
738 2059 1012 2156 seqni'poflimus.

374 2187 447 2254 Diu
465 2201 576 2254 autem
596 2194 665 2256 iem
684 2195 810 2256 acriter
824 2189 971 2257 Plinium
992 2183 1283 2278 perstrinxerunt,

301 2307 396 2395 quod
416 2305 483 2374 fine
505 2310 657 2390 iudicio,
687 2333 726 2376 ac
747 2315 890 2376 omnino
911 2309 1038 2398 saepius
1059 2307 1126 2377 sne
1144 2309 1283 2398 linguae
1353 2343 1354 2346 ¹

300 2449 442 2518 graecae
467 2433 635 2498 interiore
661 2435 877 2520 cognitione,
913 2401 1063 2520 undique
1088 2429 1284 2511 corroserit,

301 2551 387 2634 'qnae
409 2550 540 2616 curiosa
559 2550 709 2635 scitoque
726 2553 827 2640 digna
845 2549 903 2642 ipsi
925 2551 991 2618 visa
1010 2551 1153 2632 suerint,
1187 2557 1283 2640 qnod
1352 2607 1353 2662 ἦ

263 2682 268 2709 ¹
294 2686 548 2754 'nonnunquam
561 2677 696 2758 penitus
711 2671 791 2738 salso
806 2685 864 2738 aut
876 2671 1086 2762 negligenter
1101 2671 1218 2742 saltem
1231 2680 1284 2742 in·
1352 2667 1353 2678 ’

300 2801 510 2878 terpretatur
535 2790 640 2858 suerit
665 2791 826 2860 Graeco&
889 2792 930 2858 Id
951 2807 1065 2858 antem
1089 2792 1284 2883 perspicere

301 2933 374 2978 non
395 2924 599 3004 potuerunt,
628 2920 686 3000 qui
706 2915 823 2981 medio
847 2937 929 2984 aevo
947 2921 1043 2981 coeci
1061 2937 1138 2980 cnm
1158 2917 1283 2984 ducem

300 3031 409 3102 solum
428 3033 661 3120 sequebantur.
711 3035 808 3129 Quae
820 3008 913 3102 enim
926 3031 1150 3125 reprehendit
1166 3043 1203 3104 in
1218 3063 1285 3106 ma·

194 3184 198 3193 ¹
300 3158 433 3222 ior-ibus
451 3154 537 3237 suis,
571 3157 664 3251 quod
677 3169 776 3224 notas
790 3153 875 3246 ipses
897 3154 1081 3222 herbarum
1100 3155 1193 3222 velut
1214 3159 1286 3224 vnl-
1350 3183 1351 3216 ;

300 3298 402 3364 geres
429 3273 574 3344 strictim
608 3292 741 3346 tantum
777 3291 811 3344 et
835 3277 1033 3342 nominibus
1058 3275 1285 3344 indicaverint
1350 3255 1351 3267 ἵ

301 3387 352 3475 (2
367 3417 398 3470 ν,
422 3387 484 3473 8.)
520 3399 557 3464 id
581 3411 615 3465 et
636 3403 674 3464 in
696 3396 804 3486 ipsum
830 3397 931 3464 cadit.
987 3393 1086 3462 Licet
1103 3395 1226 3484 'plures
1248 3413 1285 3464 ct

302 3511 426 3584 dissitas
447 3518 585 3602 quidem
603 3517 750 3584 Romani
771 3523 911 3605 imperii
931 3523 1126 3608 provincias
1148 3522 1284 3598 viderit,
1349 3541 1350 3556 ¹

302 3632 434 3724 plantes
458 3649 572 3702 tamen
597 3657 783 3727 perpaucas
806 3637 1043 3714 solummodo,
1076 3651 1112 3706 et
1125 3663 1210 3708 vero
1230 3661 1283 3707 ra-

302 3763 415 3826 riores
443 3762 583 3824 minime
608 3764 784 3847 cognovit·
997 3757 1001 3764 '

379 3876 545 3944 Plurimos
562 3877 700 3964 quidem
717 3879 840 3946 satetur
855 3879 986 3968 plantae
1001 3884 1037 3946 in
1052 3875 1194 3949 hortulo
1208 3879 1282 3948 An·

302 4003 391 4068 ionii
407 3995 555 4068 Castoris
568 3996 674 4068 semet
691 3997 894 4078 observasse,
908 4005 966 4089 qui
979 4005 1103 4070 tertius
1116 4000 1190 4069 scre
1203 3997 1282 4090 post
