2738 4816
239 514 578 612 iuvencorum
632 535 909 612 oretanus·
976 533 1054 634 589

65 759 153 828 quas
174 739 243 832 ipse
269 745 322 812 vel
337 749 515 813 invenerat
530 744 582 814 vel
597 751 718 825 amici,
744 745 887 820 Aietius
903 747 1051 824 Beroen·

67 861 130 944 sis,
171 862 345 942 venatus,
386 867 590 956 Zwingerus
619 883 653 934 et
678 869 734 947 alii
760 870 935 949 miserant,
976 886 1049 941 tum

64 989 239 1066 exoticas,
269 991 306 1055 in
319 985 424 1057 horto
440 987 497 1055 suo
517 989 622 1058 cultas
638 1005 694 1062 aut
719 993 760 1079 ab
781 996 900 1062 anaicic
921 997 1051 1063 exteris

65 1123 148 1166 cunr
173 1102 245 1190 ipso
269 1113 548 1188 communicatas·
583 1107 780 1200 Pietasque
802 1109 1050 1200 diligentisfime

64 1225 177 1323 pictas
199 1248 279 1292 curn
296 1225 526 1318 descriptione
548 1229 686 1317 reliquit
704 1230 798 1322 Casp.
814 1208 957 1312 Wolfio,
990 1237 1049 1320 qui

64 1330 259 1431 ὑπέσχεσιν
284 1372 362 1416 cum
389 1347 572 1439 specimine
590 1352 756 1432 iconum,
793 1350 934 1419 Simleri
960 1359 1050 1422 vitae

65 1463 213 1537 Gesneri
234 1471 400 1536 adiectam
432 1465 579 1557 (Tigur.
603 1465 711 1538 1566.
734 1468 792 1554 4.)
825 1471 943 1540 edidit.
994 1472 1048 1542 At
1122 1447 1136 1512 ⁸·
1199 1449 1207 1478 ⁸

63 1589 235 1680 promissis
250 1589 394 1658 Wolsius
419 1593 552 1658 morbis
576 1605 717 1660 vexatus
738 1613 808 1657 non
833 1589 942 1672 stetit,
968 1615 1048 1666 ven

65 1715 156 1780 didit
168 1711 346 1779 thesauros
358 1711 591 1787 Gesnerianoo
605 1711 719 1782 Ioaoh.
737 1713 934 1780 Carnerario
951 1707 1047 1807 (pre-

64 1839 116 1902 tio
137 1827 206 1899 150
223 1827 344 1914 flou),
378 1839 435 1922 qui
447 1835 547 1902 iisad
565 1839 740 1920 epitomen
756 1830 1048 1900 Matthiolieden·
1165 1824 1173 1850 ‘

63 1953 145 2020 darn
162 1952 238 2020 usus
251 1951 320 2036 est,
351 1967 405 2032 ut,
433 1975 597 2040 quaenam
621 1975 720 2022 verae
741 1951 802 2020 sint
818 1951 1048 2022 Gesnerimae
1127 2031 1140 2044 ν

61 2080 204 2150 icones‘,
236 2073 327 2142 haud
347 2073 443 2144 facile
468 2077 691 2142 determinari
712 2073 819 2164 possit·
868 2074 1047 2150 Cesserunt

60 2193 459 2275 asiaticonesTrewio,
491 2211 766 2287 aquoacoeptat
787 2193 823 2264 G.
842 2191 878 2262 G.
896 2197 1047 2266 8111ιηί1·
1151 2243 1154 2252 ,
1271 2241 1273 2249 =

58 2315 182 2384 delius
207 2315 309 2382 titulo
335 2314 521 2404 „Operum
548 2313 816 2384 botanicorum“
841 2339 976 2386 101111.
1010 2343 1045 2388 a.

61 2437 187 2508 Norib.
205 2431 314 2525 1754·
344 2451 450 2522 1771.
474 2433 533 2512 fol.
556 2453 703 2500 numero
720 2456 767 2522 72
785 2433 837 2502 vel
852 2442 923 2506 aeri
938 2434 993 2506 vas
1005 2435 1046 2508 li·

54 2583 133 2654 gno
149 2555 260 2628 incisis
276 2561 402 2646 partim
418 2561 521 2622 etiam
539 2553 701 2622 coloratis
715 2555 835 2628 edidit.

142 2745 271 2814 Coram
291 2741 339 2811 est
351 2739 534 2824 „Historia
548 2741 739 2830 plantarum
755 2741 794 2809 C.
810 2741 972 2834 Gesneri,
985 2741 1045 2810 Pa·
1102 2756 1105 2766 ·

57 2861 246 2948 1111541.
283 2859 367 2932 16.“
398 2864 545 2930 iuvenile
571 2885 680 2950 opus,
720 2887 739 2929 e
764 2869 936 2934 veteribus
963 2886 1044 2930 con·

56 2989 245 3078 scripturn,
289 2985 338 3054 nil
378 2984 550 3074 peculiare
585 2995 641 3049 aut
678 3005 809 3055 novum
837 2989 1042 3086 continent.

57 3109 177 3184 Multo
194 3091 318 3177 utilior
333 3103 381 3176 est
405 3106 565 3187 „Montis
579 3103 691 3170 Fracti
708 3103 731 3172 s.
751 3105 849 3172 Pilati
864 3101 1001 3177 historia
1010 3095 1044 3184 ,κ

58 3255 165 3323 quam
188 3229 451 3300 Scheucsrzerus
473 3231 509 3292 in
531 3223 608 3312 trist.
634 3243 707 3293 noc.
729 3225 884 3308 Heluet„
917 3203 1041 3313 Tigur.
1087 3311 1093 3333 .

61 3347 174 3442 1716.
194 3351 314 3419 recudi
339 3351 480 3416 curavit.
532 3341 593 3414 Ars
608 3341 718 3435 Tragi
738 3351 841 3416 etiam
863 3341 1041 3412 historiam

58 3487 97 3540 et
114 3471 158 3537 ad
174 3469 284 3539 Valet.
303 3469 412 3538 Cordi
430 3465 591 3557 opuscula
606 3467 846 3540 adnotationes
862 3479 896 3534 et
915 3465 1044 3535 addita·

58 3585 179 3661 menta
200 3595 331 3666 iunxit,
363 3594 548 3681 praecipue
572 3585 837 3671 celeberrimum
858 3599 1042 3660 tractatum

57 3713 135 3794 „de
155 3709 268 3778 hortis
291 3707 539 3788 611111111111,ιι
565 3713 623 3780 ubi
645 3709 761 3798 plures
784 3728 888 3775 novae
911 3703 1042 3796 plantae

58 3815 228 3900 recenset.
266 3830 379 3915 Insunt
396 3855 454 3922 epe
472 3837 573 3898 etiarn
592 3823 759 3920 epistolis,
783 3833 934 3910 turrile,
961 3847 1043 3914 quat

59 3947 207 4022 Wolfius
223 3945 349 4044 Tiguri
367 3943 474 4044 1577.
499 3947 553 4036 ᾧ,
566 3945 652 4020 'tum
672 3967 752 4038 quas
764 3943 937 4018 Bauhtnus
951 3941 1049 4017 Basia·
1071 3965 1072 3968 ’
