2738 4816
225 511 566 591 mvrnnonuu
617 505 889 586 nunninus.
971 501 1048 602 aga
1110 627 1118 654 ς

89 800 96 812 ,
148 723 354 794 Gratisfimus
370 743 460 816 ‘erga
481 727 611 792 amicos
636 729 770 813 primur
792 715 976 790 ‘eonditum
996 741 1049 788 ea·
1164 786 1168 800 ,

76 851 141 936 pit,
169 851 308 914 nomina
325 845 514 934 plantarum
530 845 571 910 ab
586 849 629 910 iis
645 857 763 934 petere
784 845 885 920 vius,
917 843 975 926 qui
991 859 1049 908 ex·

76 973 261 1055 perimente
285 970 329 1036 de
357 989 472 1034 earum
499 949 627 1034 viribus
652 963 871 1034 instituerint.
936 959 1052 1032 Volia·

75 1098 160 1167 tam,
191 1085 374 1166 Aretiam,
406 1085 614 1166 Oeconianr,
638 1085 899 1165 Calceolariam,
927 1083 1052 1152 Cortu⁴

74 1215 138 1284 fam
156 1217 285 1300 optima
302 1209 414 1276 censet
430 1214 588 1284 nomina,
612 1205 757 1276 simodo
775 1206 908 1296 plantae
928 1210 1051 1276 veteri-

74 1325 133 1396 bus
154 1329 254 1418 plene
273 1335 468 1420 incognitae
488 1329 632 1394 suerint:
671 1327 820 1415 alioquin
843 1331 936 1392 enim
959 1337 1051 1396 vete·

73 1431 146 1516 rum
162 1453 407 1543 appellationes
422 1449 584 1516 delendae
598 1469 669 1514 nou
682 1445 747 1514 esse
769 1443 888 1537 (epist.
895 1447 932 1536 f.
944 1441 1004 1535 73.
1019 1467 1053 1514 a.

79 1583 156 1638 120·
178 1575 209 1638 b.
222 1568 245 1654 ).
345 1630 347 1640 ,
507 1551 513 1578 ’

144 1689 315 1780 Sequatur
341 1689 535 1760 Gesnerum
567 1695 696 1758 amicus
728 1694 819 1768 eiua,
860 1685 1052 1756 Gulielmue

74 1803 338 1892 Tunnenue,
364 1807 905 1898 Motpetlra·Northumbrenfia'‚
932 1807 1053 1876 Canta-

72 1929 216 2019 brigiae,
243 1931 406 2022 exemplo
422 1927 531 2020 Tingi
553 1943 587 1998 et
603 1929 701 2020 ipsius
720 1931 882 2013 Gesneri,
912 1925 1055 1996 medios-

72 2071 130 2115 nae
151 2050 247 2118 simul
265 2065 299 2118 et
318 2049 512 2140 theologiae
527 2071 668 2140 operam
685 2051 802 2126 dedit,
833 2074 983 2139 eumque
998 2071 1052 2118 re·

72 2172 298 2244 formatorum
324 2187 438 2262 partes
460 2177 569 2240 nimio
594 2169 792 2240 defendisset
816 2175 962 2253 ardore,
994 2191 1054 2238 ex·
1123 2140 1127 2156 ,

72 2289 128 2360 ilio
145 2295 307 2364 multatus
323 2290 383 2360 est.
422 2293 472 2358 ld
496 2292 661 2381 sapienter
681 2295 843 2385 toleravit
864 2300 915 2360 rei
933 2291 1053 2362 herba·

71 2417 139 2482 riae
160 2411 328 2482 studiosus
352 2419 426 2486 air:¹
453 2427 608 2482 moratus
633 2411 683 2480 est
705 2413 870 2482 Coloniae
888 2411 1054 2503 Agrippi·
1160 2475 1164 2484 .

73 2555 149 2618 nae,
172 2537 404 2628 Argentorati
420 2549 455 2602 et
468 2533 627 2616 Basileae,
653 2537 711 2604 ubi
731 2539 769 2602 in
789 2533 1055 2602 familiaritatem

75 2652 216 2723 Gesneri
242 2663 353 2735 venit,
367 2666 368 2675 ’
384 2655 556 2726 Patavium
581 2659 727 2745 deniqne
748 2655 781 2724 se
804 2653 968 2738 eontulit,
995 2655 1055 2724 ubi

73 2778 225 2844 medicae
246 2784 329 2848 artis
353 2779 478 2846 doctor
501 2784 718 2848 renunciatus
732 2775 792 2844 est.
842 2777 968 2846 Redux
983 2762 1057 2846 Du·

72 2901 120 2962 cis
137 2895 327 2966 Somerseti
342 2897 529 2980 archiater,
557 2899 704 2964 decanus
714 2896 891 2966 Wellensn
903 2909 941 2964 et
954 2917 1057 2963 cuno·

73 3021 171 3087 nicus
191 3019 369 3094 Wiudsori
392 3032 525 3086 creatus
550 3015 608 3086 est.
658 3017 796 3086 Hortos
822 3017 939 3107 plures
964 3015 1056 3098 aluit,
1076 2997 1082 3015 ’

73 3139 168 3210 Kewi
183 3157 218 3212 et
225 3139 368 3216 Wellae,
382 3137 614 3224 seminumque
628 3139 686 3228 ipsi
701 3137 874 3228 adsiduum
883 3137 947 3206 snit
963 3157 1057 3204 coma

74 3269 243 3331 mercium
259 3285 338 3328 cum
356 3259 532 3343 Gesnero,
557 3257 761 3348 Matthiolo‚
782 3257 909 3328 Girinio
926 3275 961 3328 et
975 3257 1057 3330 Gui·
1124 3285 1131 3316 i

73 3377 211 3452 landino
238 3370 288 3468 (†
310 3373 461 3462 idda).-

145 3501 266 3568 Edidit
288 3521 449 3588 magnnm
475 3521 561 3590 opus
576 3496 796 3587 alphabetico
820 3503 960 3571 ordine:
992 3497 1058 3582 „A

73 3643 152 3688 new
172 3617 305 3691 herbull
327 3615 362 3684 P.
387 3641 417 3686 ι.
444 3617 564 3686 ‘Lond
583 3613 688 3687 1551.
715 3613 817 3702 sol.“,
850 3626 945 3688 cuiue
969 3637 1059 3714 nort

63 3741 199 3819 editio,
234 3742 344 3808 tribus
369 3745 475 3808 tomis
500 3735 748 3828 comprehensa
768 3739 934 3808 Coloniae
960 3727 1057 3806 1568

74 3857 132 3926 fot.
167 3861 310 3948 prodiit.
374 3861 458 3928 Duo
496 3865 633 3948 priores
664 3867 752 3928 tomi
783 3845 1058 3952 complectuntur

74 3979 207 4072 plautas
227 3983 402 4054 veteribus
419 3985 590 4076 cognitae,
616 4001 697 4070 quas
712 3993 810 4050 caute
831 3993 866 4050 et
879 3981 984 4053 docta
1000 3998 1059 4057 ex·
